@book{Breiman1984,
    title = {{Classification and regression trees}},
    year = {1984},
    author = {Breiman, Leo.},
    pages = {358},
    publisher = {Wadsworth International Group},
    url = {https://cds.cern.ch/record/2253780?ln=fr},
    isbn = {0534980546}
}

@book{GareyM1990,
    title = {{Computers and Intractability; A Guide to the Theory of NP-Completeness}},
    year = {1990},
    author = {Garey, Michael R and Johnson, David S},
    publisher = {W. H. Freeman {\&} Co.},
    address = {USA},
    isbn = {0716710455}
}

@article{ISI:000275746100146,
    title = {{Deposition of thick Co-rich CoPtP films with high energy product for magnetic microelectromechanical applications}},
    year = {2010},
    journal = {JOURNAL OF MAGNETISM AND MAGNETIC MATERIALS},
    author = {Kulkarni, Santosh and Roy, Saibal},
    number = {9-12},
    pages = {1592--1596},
    volume = {322},
    publisher = {ELSEVIER SCIENCE BV},
    institution = {Sci Fdn Ireland},
    address = {PO BOX 211, 1000 AE AMSTERDAM, NETHERLANDS},
    doi = {10.1016/j.jmmm.2009.09.032},
    issn = {0304-8853},
    keywords = {Electrodeposited CoPtP micro-magnet; Thick hard ma}
}

@article{ISI:000312692500026,
    title = {{Electrodeposition and characterization of CoNiMnP permanent magnet arrays for MEMS sensors and actuators}},
    year = {2012},
    journal = {SENSORS AND ACTUATORS A-PHYSICAL},
    author = {Sun, Xuming and Yuan, Quan and Fang, Dongming and Zhang, Haixia},
    number = {SI},
    pages = {190--197},
    volume = {188},
    publisher = {ELSEVIER SCIENCE SA},
    address = {PO BOX 564, 1001 LAUSANNE, SWITZERLAND},
    doi = {10.1016/j.sna.2011.12.025},
    issn = {0924-4247},
    keywords = {CoNiMnP; Electrodeposition; Magnetic MEMS; Micro f}
}

@article{ISI:000240855100017,
    title = {{Electrodeposition of FeCoNi thin films for magnetic-MEMS devices}},
    year = {2006},
    journal = {ELECTROCHIMICA ACTA},
    author = {Yoo, B Y and Hernandez, S C and Park, D -Y. and Myung, N V},
    number = {28},
    month = {9},
    pages = {6346--6352},
    volume = {51},
    publisher = {PERGAMON-ELSEVIER SCIENCE LTD},
    address = {THE BOULEVARD, LANGFORD LANE, KIDLINGTON, OXFORD OX5 1GB, ENGLAND},
    doi = {10.1016/j.electacta.2006.04.020},
    issn = {0013-4686},
    keywords = {electrodeposition; magnetic thin film; FeCoNi; fil}
}

@techreport{Andersen2019,
    title = {{Entanglement Stabilization using Parity Detection and Real-Time Feedback in Superconducting Circuits}},
    year = {2019},
    author = {Andersen, Christian Kraglund and Remm, Ants and Balasiu, Stefania and Krinner, Sebastian and Heinsoo, Johannes and Besse, Jean-Claude and Gabureac, Mihai and Wallraff, Andreas and Eichler, Christopher},
    url = {https://arxiv.org/pdf/1902.06946.pdf},
    arxivId = {1902.06946v2}
}

@inproceedings{ISI:000337643700063,
    title = {{Fabrication of CoFe/BaFe12O19 magnetic nanocomposite thin films by electrodeposition}},
    year = {2014},
    booktitle = {ULTRAFINE GRAINED AND NANO-STRUCTURED MATERIALS IV},
    author = {Khameneh, S Kharratian and Sohi, M Heydarzadeh and Ataie, A and Mehrizi, S},
    editor = {{Parsa, MH}},
    pages = {332--336},
    series = {Advanced Materials Research},
    volume = {829},
    publisher = {TRANS TECH PUBLICATIONS LTD},
    organization = {Islam Republ Iran, Minist Sci Res {\&} Technol; Iran Nanotechnol Initiat Council; Natl Iranian Copper Ind Co; Pars Special Econ Energy Zone; Univ Tehran, Ctr Excellence High Performance Mat, Sch Met {\&} Mat Engn},
    address = {LAUBLSRUTISTR 24, CH-8717 STAFA-ZURICH, SWITZERLAND},
    isbn = {978-3-03785-907-0},
    doi = {10.4028/www.scientific.net/AMR.829.332},
    issn = {1022-6680},
    keywords = {magnetic thin films; nanocomposite; electrodeposit}
}

@article{ISI:000302782900007,
    title = {{Fabrication of CoNiMnP-BaFe12O19 nanocomposite coatings by electrodeposition}},
    year = {2012},
    journal = {TRANSACTIONS OF THE INSTITUTE OF METAL FINISHING},
    author = {Qu, N S and Jiao, F},
    number = {2},
    month = {3},
    pages = {92--97},
    volume = {90},
    publisher = {TAYLOR {\&} FRANCIS LTD},
    address = {2-4 PARK SQUARE, MILTON PARK, ABINGDON OR14 4RN, OXON, ENGLAND},
    doi = {10.1179/0020296712Z.00000000015},
    issn = {0020-2967},
    keywords = {Magnetic composite coatings; Electrodeposition; Co}
}

@article{Bultink2018,
    title = {{General method for extracting the quantum efficiency of dispersive qubit readout in circuit QED}},
    year = {2018},
    journal = {Applied Physics Letters},
    author = {Bultink, C. C. and Tarasinski, B. and Haandb{\ae}k, N. and Poletto, S. and Haider, N. and Michalak, D. J. and Bruno, A. and DiCarlo, L.},
    number = {9},
    pages = {1--10},
    volume = {112},
    doi = {10.1063/1.5015954},
    issn = {00036951},
    arxivId = {arXiv:1711.05336v2}
}

@inproceedings{ISI:000273183100022,
    title = {{Hard Magnetic Materials for MEMS Applications}},
    year = {2009},
    booktitle = {NANOSCALE MAGNETIC MATERIALS AND APPLICATIONS},
    author = {Dempsey, Nora M},
    editor = {{Liu, JP and Fullerton, E and Gutfleisch, O and Sellmyer, DJ}},
    pages = {661--683},
    publisher = {SPRINGER},
    organization = {Mat Res Soc},
    address = {233 SPRING STREET, NEW YORK, NY 10013, UNITED STATES},
    isbn = {978-0-387-85598-1},
    doi = {10.1007/978-0-387-85600-1{\_}22}
}

@article{Lacroix2019,
    title = {{High Fidelity Qutrit Single Shot Readout}},
    year = {2019},
    journal = {Internal report},
    author = {Lacroix, Nathan and Andersen, Christian K and Wallraff, Andreas},
    url = {file:///Q:/USERS/nathan/writings/QtSSRO report_v2/QtSSRO_Report_v2.pdf}
}

@article{Collodo2020,
    title = {{Implementation of a Conditional-Phase Gate by using in-situ tunable ZZ-Interactions}},
    journal = {(in preparation)},
    author = {Collodo, Michele C and Herrmann, Johannes and Lacroix, Nathan and Andersen, Christian Kraglund and Remm, Ants and Laz, Stefania and Besse, Jean-claude and Walter, Theo and Wallraff, Andreas and Eichler, Christopher},
    pages = {1--2}
}

@article{Andersen2019a,
    title = {{Improved Quantum Device}},
    year = {2019},
    journal = {QuSurf Monthly Report},
    author = {Andersen, Christian Kraglund and Remm, Ants and Balasiu, Stefania and Wallraff, Andreas and Eichler, Christopher},
    volume = {33},
    institution = {ETH Zurich}
}

@article{ISI:000316612600006,
    title = {{Improvement of magnetic properties of electrodeposited CoNiMnP-BaFe12O19 nanocomposite coatings in presence of sodium lauryl sulphate}},
    year = {2013},
    journal = {TRANSACTIONS OF THE INSTITUTE OF METAL FINISHING},
    author = {Qu, N S and Jiao, F},
    number = {2},
    month = {3},
    pages = {88--95},
    volume = {91},
    publisher = {MANEY PUBLISHING},
    address = {STE 1C, JOSEPHS WELL, HANOVER WALK, LEEDS LS3 1AB, W YORKS, ENGLAND},
    doi = {10.1179/0020296712Z.00000000078},
    issn = {0020-2967},
    keywords = {Magnetic composite coatings; Electrodeposit; CoNiM}
}

@article{Ghosh2015,
    title = {{Leakage-resilient approach to fault-tolerant quantum computing with superconducting elements}},
    year = {2015},
    journal = {RAPID COMMUNICATIONS PHYSICAL REVIEW A},
    author = {Ghosh, Joydip and Fowler, Austin G},
    pages = {20302},
    volume = {91},
    url = {https://journals.aps.org/pra/pdf/10.1103/PhysRevA.91.020302},
    doi = {10.1103/PhysRevA.91.020302},
    keywords = {0367Pp, 8525âˆ’j, number(s): 0367Lx}
}

@book{Bishop2006,
    title = {{Pattern Recognition and Machine Learning}},
    year = {2006},
    author = {Bishop, Christopher M.},
    publisher = {SPRINGER},
    url = {http://weekly.cnbnews.com/news/article.html?no=124000},
    isbn = {9780387310732}
}

@article{ISI:000272318900011,
    title = {{Permanent Magnets for MEMS}},
    year = {2009},
    journal = {JOURNAL OF MICROELECTROMECHANICAL SYSTEMS},
    author = {Arnold, David P D.P. and {Naigang Wang} and Wang, Naigang},
    number = {6},
    month = {12},
    pages = {1255--1266},
    volume = {18},
    publisher = {IEEE-INST ELECTRICAL ELECTRONICS ENGINEERS INC},
    url = {http://ieeexplore.ieee.org/document/5325730/},
    address = {445 HOES LANE, PISCATAWAY, NJ 08855-4141 USA},
    doi = {10.1109/JMEMS.2009.2034389},
    issn = {1057-7157},
    keywords = {Magnetic alloys, magnetic devices, magnetic microa}
}

@article{Bultink2019,
    title = {{Protecting quantum entanglement from qubit errors and leakage via repetitive parity measurements}},
    year = {2019},
    journal = {Archiv:1905.12731v1},
    author = {Bultink, C C and O'brien, T E and Vollmer, R and Muthusubramanian, N and Beekman, M W and Rol, M A and Fu, X and Tarasinski, B and Ostroukh, V and Varbanov, B and Bruno, A and Dicarlo, L},
    url = {https://arxiv.org/pdf/1905.12731.pdf},
    arxivId = {1905.12731v1}
}

@article{Gambetta2007,
    title = {{Protocols for optimal readout of qubits using a continuous quantum nondemolition measurement}},
    year = {2007},
    journal = {Physical Review A - Atomic, Molecular, and Optical Physics},
    author = {Gambetta, Jay and Braff, W. A. and Wallraff, A. and Girvin, S. M. and Schoelkopf, R. J.},
    number = {1},
    pages = {1--11},
    volume = {76},
    doi = {10.1103/PhysRevA.76.012325},
    issn = {10502947}
}

@article{Heinsoo2018,
    title = {{Rapid High-fidelity Multiplexed Readout of Superconducting Qubits}},
    year = {2018},
    journal = {Physical Review Applied},
    author = {Heinsoo, Johannes and Andersen, Christian Kraglund and Remm, Ants and Krinner, Sebastian and Walter, Theodore and Salath{\'{e}}, Yves and Gasparinetti, Simone and Besse, Jean-Claude and Poto{\v{c}}nik, Anton and Wallraff, Andreas and Eichler, Christopher},
    pages = {34040},
    volume = {10},
    url = {https://journals.aps.org/prapplied/pdf/10.1103/PhysRevApplied.10.034040},
    doi = {10.1103/PhysRevApplied.10.034040},
    keywords = {doi:10.1103/PhysRevApplied.10.034040 url:https://d}
}

@article{Reuer2018,
    title = {{Real time , single shot , dispersive readout of superconducting qubits using a field progammable gate array}},
    year = {2018},
    author = {Reuer, Kevin and Magnard, Supervisors Paul and Akin, Kadir and Wallraff, Prof Andreas},
    pages = {1--31}
}

@article{scikit-learn,
    title = {{Scikit-learn: Machine Learning in {\{}P{\}}ython}},
    year = {2011},
    journal = {Journal of Machine Learning Research},
    author = {Pedregosa, F and Varoquaux, G and Gramfort, A and Michel, V and Thirion, B and Grisel, O and Blondel, M and Prettenhofer, P and Weiss, R and Dubourg, V and Vanderplas, J and Passos, A and Cournapeau, D and Brucher, M and Perrot, M and Duchesnay, E},
    pages = {2825--2830},
    volume = {12}
}

@article{ISI:000366868400029,
    title = {{Stacked pulse-electroplated CoNiMnP-AAO nanocomposite permanent magnets for MEMS}},
    year = {2015},
    journal = {JOURNAL OF MICROMECHANICS AND MICROENGINEERING},
    author = {Wu, P R and Chao, T Y and Cheng, Y T},
    number = {12},
    volume = {25},
    publisher = {IOP PUBLISHING LTD},
    address = {TEMPLE CIRCUS, TEMPLE WAY, BRISTOL BS1 6BE, ENGLAND},
    doi = {10.1088/0960-1317/25/12/125026},
    issn = {0960-1317},
    keywords = {nanocomposite permanent magnet; CoNiMnP-AAO; stack}
}

@article{Hedayati2014,
    title = {{Surface roughness analysis and magnetic property studies of nickel thin films electrodeposited onto rotating disc electrodes}},
    year = {2014},
    author = {Hedayati, K and Nabiyouni, @bullet G},
    url = {https://link.springer.com/content/pdf/10.1007/s00339-014-8288-4.pdf},
    doi = {10.1007/s00339-014-8288-4}
}

@book{Hastie2017,
    title = {{The Elements of Statistical Learning}},
    year = {2017},
    author = {Hastie, Trevor and Tibshirani, Robert and Friedman, Jerome},
    publisher = {SPRINGER},
    isbn = {978-0-387-84857-0},
    doi = {10.1007/b94608},
    issn = {03436993},
    pmid = {15512507},
    arxivId = {arXiv:1011.1669v3}
}

@article{ISI:000377372900010,
    title = {{Thick Multilayered Micromachined Permanent Magnets With Preserved Magnetic Properties}},
    year = {2016},
    journal = {JOURNAL OF MICROELECTROMECHANICAL SYSTEMS},
    author = {Li, Yuan and Kim, Jooncheol and Kim, Minsoo and Armutlulu, Andac and Allen, Mark G},
    number = {3},
    pages = {498--507},
    volume = {25},
    publisher = {IEEE-INST ELECTRICAL ELECTRONICS ENGINEERS INC},
    address = {445 HOES LANE, PISCATAWAY, NJ 08855-4141 USA},
    doi = {10.1109/JMEMS.2016.2540627},
    issn = {1057-7157},
    keywords = {CoNiP; electrodeposition; magnetic microelectromec}
}

@article{Wang2019XY-mixers:QAOA,
    title = {{{\$}XY{\$}-mixers: analytical and numerical results for QAOA}},
    year = {2019},
    author = {Wang, Zhihui and Rubin, Nicholas C. and Dominy, Jason M. and Rieffel, Eleanor G.},
    month = {4},
    url = {http://arxiv.org/abs/1904.09314 http://dx.doi.org/10.1103/PhysRevA.101.012320},
    doi = {10.1103/PhysRevA.101.012320},
    arxivId = {1904.09314}
}

@article{French1977iMoonwalk/ifilm,
    title = {{<i>Moonwalk</i> (film)}},
    year = {1977},
    journal = {American Journal of Physics},
    author = {French, Richard G.},
    number = {2},
    month = {2},
    pages = {230--230},
    volume = {45},
    url = {http://aapt.scitation.org/doi/10.1119/1.10678},
    doi = {10.1119/1.10678},
    issn = {0002-9505}
}

@techreport{Schrijver2017AOptimization,
    title = {{A Course in Combinatorial Optimization}},
    year = {2017},
    author = {Schrijver, Alexander}
}

@inproceedings{Grover1996ASearch,
    title = {{A fast quantum mechanical algorithm for database search}},
    year = {1996},
    booktitle = {Proceedings of the Annual ACM Symposium on Theory of Computing},
    author = {Grover, Lov K.},
    month = {7},
    pages = {212--219},
    volume = {Part F129452},
    publisher = {Association for Computing Machinery},
    url = {http://arxiv.org/abs/quant-ph/9605043},
    isbn = {0897917855},
    doi = {10.1145/237814.237866},
    issn = {07378017},
    arxivId = {quant-ph/9605043}
}

@inproceedings{Bowers2007ASilicon,
    title = {{A Method to Form Bonded Micromagnets Embedded in Silicon}},
    year = {2007},
    booktitle = {TRANSDUCERS 2007 - 2007 International Solid-State Sensors, Actuators and Microsystems Conference},
    author = {Bowers, B. J. and Agashe, J. S. and Arnold, D. P.},
    pages = {1585--1588},
    publisher = {IEEE},
    url = {http://ieeexplore.ieee.org/document/4300450/},
    isbn = {1-4244-0841-5},
    doi = {10.1109/SENSOR.2007.4300450}
}

@article{Farhi2014AAlgorithm,
    title = {{A Quantum Approximate Optimization Algorithm}},
    year = {2014},
    author = {Farhi, Edward and Goldstone, Jeffrey and Gutmann, Sam},
    month = {11},
    url = {http://arxiv.org/abs/1411.4028},
    arxivId = {1411.4028}
}

@article{Kjaergaard2020AProcessor,
    title = {{A Quantum Instruction Set Implemented on a Superconducting Quantum Processor}},
    year = {2020},
    author = {Kjaergaard, M. and Schwartz, M. E. and Greene, A. and Samach, G. O. and Bengtsson, A. and O'Keeffe, M. and McNally, C. M. and Braum{\"{u}}ller, J. and Kim, D. K. and Krantz, P. and Marvian, M. and Melville, A. and Niedzielski, B. M. and Sung, Y. and Winik, R. and Yoder, J. and Rosenberg, D. and Obenland, K. and Lloyd, S. and Orlando, T. P. and Marvian, I. and Gustavsson, S. and Oliver, W. D.},
    month = {1},
    url = {http://arxiv.org/abs/2001.08838},
    arxivId = {2001.08838}
}

@article{Jazaeri2019APhysics,
    title = {{A Review on Quantum Computing: Qubits, Cryogenic Electronics and Cryogenic MOSFET Physics}},
    year = {2019},
    journal = {Proceedings of the 26th International Conference "Mixed Design of Integrated Circuits and Systems", MIXDES 2019},
    author = {Jazaeri, Farzan and Beckers, Arnout and Tajalli, Armin and Sallese, Jean-Michel},
    month = {8},
    pages = {15--25},
    publisher = {Institute of Electrical and Electronics Engineers Inc.},
    url = {http://arxiv.org/abs/1908.02656},
    arxivId = {1908.02656},
    keywords = {MOSFET., Quantum computing, cryo-CMOS, cryogenic electronics, qubits}
}

@article{Knill2001AOptics,
    title = {{A scheme for efficient quantum computation with linear optics}},
    year = {2001},
    journal = {Nature},
    author = {Knill, E. and Laflamme, R. and Milburn, G. J.},
    number = {6816},
    month = {1},
    pages = {46--52},
    volume = {409},
    publisher = {Nature Publishing Group},
    doi = {10.1038/35051009},
    issn = {00280836},
    keywords = {Humanities and Social Sciences, Science, multidisciplinary}
}

@article{Nelder1965AMinimization,
    title = {{A Simplex Method for Function Minimization}},
    year = {1965},
    journal = {The Computer Journal},
    author = {Nelder, J. A. and Mead, R.},
    number = {4},
    month = {1},
    pages = {308--313},
    volume = {7},
    publisher = {Oxford University Press (OUP)},
    doi = {10.1093/comjnl/7.4.308},
    issn = {0010-4620}
}

@article{Wootters1982ACloned,
    title = {{A single quantum cannot be cloned}},
    year = {1982},
    journal = {Nature},
    author = {Wootters, W. K. and Zurek, W. H.},
    number = {5886},
    pages = {802--803},
    volume = {299},
    publisher = {Nature Publishing Group},
    doi = {10.1038/299802a0},
    issn = {00280836},
    keywords = {Humanities and Social Sciences, Science, multidisciplinary}
}

@article{Arunachalam2017ATheory,
    title = {{A Survey of Quantum Learning Theory}},
    year = {2017},
    author = {Arunachalam, Srinivasan and de Wolf, Ronald},
    month = {1},
    url = {http://arxiv.org/abs/1701.06806},
    arxivId = {1701.06806}
}

@article{Peruzzo2014AProcessor,
    title = {{A variational eigenvalue solver on a photonic quantum processor}},
    year = {2014},
    journal = {Nature Communications},
    author = {Peruzzo, Alberto and McClean, Jarrod and Shadbolt, Peter and Yung, Man Hong and Zhou, Xiao Qi and Love, Peter J. and Aspuru-Guzik, AlÃ¡n and O'Brien, Jeremy L.},
    month = {7},
    volume = {5},
    publisher = {Nature Publishing Group},
    doi = {10.1038/ncomms5213},
    issn = {20411723},
    arxivId = {1304.3061}
}

@techreport{BjrnKristensenAnNeuron,
    title = {{An Artificial Spiking Quantum Neuron}},
    author = {Bj{\o}rn Kristensen, Lasse and Degroote, Matthias and Wittek, Peter and Aspuru-Guzik, AlÃ¡n and Zinner, Nikolaj T},
    url = {https://arxiv.org/pdf/1907.06269.pdf},
    arxivId = {1907.06269v1}
}

@incollection{Gottesman2010AnComputation,
    title = {{An introduction to quantum error correction and fault-tolerant quantum computation}},
    year = {2010},
    author = {Gottesman, Daniel},
    month = {4},
    pages = {13--58},
    url = {http://arxiv.org/abs/0904.2557},
    doi = {10.1090/psapm/068/2762145},
    arxivId = {0904.2557}
}

@article{Schuld2015AnLearning,
    title = {{An introduction to quantum machine learning}},
    year = {2015},
    journal = {Contemporary Physics},
    author = {Schuld, Maria and Sinayskiy, Ilya and Petruccione, Francesco},
    number = {2},
    month = {4},
    pages = {172--185},
    volume = {56},
    publisher = {Taylor and Francis Ltd.},
    doi = {10.1080/00107514.2014.964942},
    issn = {13665812},
    arxivId = {1409.3097},
    keywords = {artificial intelligence, machine learning, quantum computing, quantum machine learning}
}

@article{Schuld2014AnLearning,
    title = {{An introduction to quantum machine learning}},
    year = {2014},
    author = {Schuld, M. and Sinayskiy, I. and Petruccione, F.},
    month = {9},
    url = {http://arxiv.org/abs/1409.3097 http://dx.doi.org/10.1080/00107514.2014.964942},
    doi = {10.1080/00107514.2014.964942},
    arxivId = {1409.3097}
}

@article{Alam2019AnalysisQubits,
    title = {{Analysis of Quantum Approximate Optimization Algorithm under Realistic Noise in Superconducting Qubits}},
    year = {2019},
    author = {Alam, Mahabubul and Ash-Saki, Abdullah and Ghosh, Swaroop},
    month = {7},
    url = {http://arxiv.org/abs/1907.09631},
    arxivId = {1907.09631}
}

@book{2014ApplicationsOptimization,
    title = {{Applications of Combinatorial Optimization}},
    year = {2014},
    editor = {Paschos, Vangelis Th.},
    month = {7},
    publisher = {John Wiley {\&} Sons, Inc.},
    url = {http://doi.wiley.com/10.1002/9781119005384},
    address = {Hoboken, NJ, USA},
    isbn = {9781119005384},
    doi = {10.1002/9781119005384}
}

@article{Vikstal2019ApplyingProblem,
    title = {{Applying the Quantum Approximate Optimization Algorithm to the Tail Assignment Problem}},
    year = {2019},
    author = {Vikst{\aa}l, Pontus and Gr{\"{o}}nkvist, Mattias and Svensson, Marika and Andersson, Martin and Johansson, GÃ¶ran and Ferrini, Giulia},
    month = {12},
    url = {http://arxiv.org/abs/1912.10499},
    arxivId = {1912.10499}
}

@article{Deller2014ApproachesHarvesting,
    title = {{Approaches to automated protein crystal harvesting}},
    year = {2014},
    journal = {Acta Crystallographica Section F:Structural Biology Communications},
    author = {Deller, Marc C. and Rupp, Bernhard},
    number = {2},
    pages = {133--155},
    volume = {70},
    publisher = {International Union of Crystallography},
    isbn = {doi:10.1107/S2053230X14000387},
    doi = {10.1107/S2053230X14000387},
    issn = {2053230X},
    pmid = {24637746},
    keywords = {automation, protein crystal harvesting}
}

@article{Wallraff2005ApproachingReadout,
    title = {{Approaching unit visibility for control of a superconducting qubit with dispersive readout}},
    year = {2005},
    journal = {Physical Review Letters},
    author = {Wallraff, A. and Schuster, D. I. and Blais, A. and Frunzio, L. and Majer, J. and Devoret, M. H. and Girvin, S. M. and Schoelkopf, R. J.},
    number = {6},
    month = {8},
    pages = {060501},
    volume = {95},
    publisher = {American Physical Society},
    doi = {10.1103/PhysRevLett.95.060501},
    issn = {00319007},
    arxivId = {cond-mat/0502645}
}

@article{Barak2015BeatingDegree,
    title = {{Beating the random assignment on constraint satisfaction problems of bounded degree}},
    year = {2015},
    author = {Barak, Boaz and Moitra, Ankur and O'Donnell, Ryan and Raghavendra, Prasad and Regev, Oded and Steurer, David and Trevisan, Luca and Vijayaraghavan, Aravindan and Witmer, David and Wright, John},
    month = {5},
    url = {http://arxiv.org/abs/1505.03424},
    arxivId = {1505.03424}
}

@article{BlaisCavityComputation,
    title = {{Cavity quantum electrodynamics for superconducting electrical circuits: An architecture for quantum computation}},
    author = {Blais, Alexandre and Huang, Ren-Shou and Wallraff, Andreas and Girvin, S M and Schoelkopf, R J},
    url = {https://journals.aps.org/pra/pdf/10.1103/PhysRevA.69.062320},
    doi = {10.1103/PhysRevA.69.062320}
}

@article{Blais2004CavityComputation,
    title = {{Cavity quantum electrodynamics for superconducting electrical circuits: An architecture for quantum computation}},
    year = {2004},
    journal = {Physical Review A - Atomic, Molecular, and Optical Physics},
    author = {Blais, Alexandre and Huang, Ren Shou and Wallraff, Andreas and Girvin, S. M. and Schoelkopf, R. J.},
    number = {6},
    month = {6},
    pages = {062320},
    volume = {69},
    publisher = {American Physical Society},
    doi = {10.1103/PhysRevA.69.062320},
    issn = {10502947},
    arxivId = {cond-mat/0402216}
}

@article{Nakano2009ChangeMagnets,
    title = {{Change in the direction of anisotropy in PLD-fabricated Sm-Co thick film magnets}},
    year = {2009},
    journal = {Journal of Applied Physics},
    author = {Nakano, M. and Yamaguchi, K. and Yanai, T. and Yamashita, F. and Fukunaga, H.},
    number = {7},
    month = {4},
    pages = {07A729},
    volume = {105},
    url = {http://aip.scitation.org/doi/10.1063/1.3073953},
    doi = {10.1063/1.3073953},
    issn = {0021-8979}
}

@inproceedings{Matsumine2019ChannelAlgorithm,
    title = {{Channel Decoding with Quantum Approximate Optimization Algorithm}},
    year = {2019},
    author = {Matsumine, Toshiki and Koike-Akino, Toshiaki and Wang, Ye},
    month = {9},
    pages = {2574--2578},
    publisher = {Institute of Electrical and Electronics Engineers (IEEE)},
    isbn = {9781538692912},
    doi = {10.1109/isit.2019.8849710},
    issn = {21578095},
    arxivId = {1903.02537}
}

@article{Balasiu2018CharacterizationBenchmarking,
    title = {{Characterization of Multi-Qubit Algorithms with Randomized Benchmarking}},
    year = {2018},
    author = {Balasiu, Stefania},
    number = {May}
}

@article{Magesan2012CharacterizingBenchmarking,
    title = {{Characterizing quantum gates via randomized benchmarking}},
    year = {2012},
    journal = {Physical Review A - Atomic, Molecular, and Optical Physics},
    author = {Magesan, Easwar and Gambetta, Jay M. and Emerson, Joseph},
    number = {4},
    month = {4},
    volume = {85},
    doi = {10.1103/PhysRevA.85.042311},
    issn = {10502947},
    arxivId = {1109.6887}
}

@article{KochCharge-insensitiveBox,
    title = {{Charge-insensitive qubit design derived from the Cooper pair box}},
    author = {Koch, Jens and Yu, Terri M and Gambetta, Jay and Houck, A A and Schuster, D I and Majer, J and Blais, Alexandre and Devoret, M H and Girvin, S M and Schoelkopf, R J},
    url = {https://journals.aps.org/pra/pdf/10.1103/PhysRevA.76.042319},
    doi = {10.1103/PhysRevA.76.042319},
    keywords = {3280t, 7450r, numbers: 0367Lx}
}

@techreport{Hastings2019CLASSICALALGORITHMS,
    title = {{CLASSICAL AND QUANTUM BOUNDED DEPTH APPROXIMATION ALGORITHMS}},
    year = {2019},
    booktitle = {Quantum Information and Computation},
    author = {Hastings, Matthew B},
    number = {14},
    pages = {1116--1140},
    volume = {19},
    keywords = {Communicated by, R Cleve {\&} A Harrow}
}

@article{Nakamura1999CoherentBox,
    title = {{Coherent control of macroscopic quantum states in a single-Cooper-pair box}},
    year = {1999},
    journal = {Nature},
    author = {Nakamura, Y. and Pashkin, Yu A. and Tsai, J. S.},
    number = {6730},
    month = {4},
    pages = {786--788},
    volume = {398},
    publisher = {Nature Publishing Group},
    doi = {10.1038/19718},
    issn = {00280836},
    arxivId = {cond-mat/9904003},
    keywords = {Humanities and Social Sciences, Science, multidisciplinary}
}

@article{Sbihi2007CombinatorialA,
    title = {{Combinatorial optimization and Green Logistics. 4OR: A}},
    year = {2007},
    journal = {Quarterly Journal of Operations Research},
    author = {Sbihi, Abdelkader and Eglese, Richard W},
    number = {2},
    volume = {5},
    publisher = {Springer Verlag},
    url = {https://hal.archives-ouvertes.fr/hal-00644076},
    doi = {10.1007/s10288},
    keywords = {Combinatorial optimization {\textperiodcentered}, Green, Hazardous materials, Logistics {\textperiodcentered}, Reverse, Waste management {\textperiodcentered}}
}

@article{Poyatos1997CompleteGate,
    title = {{Complete characterization of a quantum process: The two-bit quantum gate}},
    year = {1997},
    journal = {Physical Review Letters},
    author = {Poyatos, J. F. and Cirac, J. I. and Zoller, P.},
    number = {2},
    month = {1},
    pages = {390--393},
    volume = {78},
    doi = {10.1103/PhysRevLett.78.390},
    issn = {10797114},
    arxivId = {quant-ph/9611013}
}

@article{Xu2011CompositionalElectrodeposition,
    title = {{Compositional control of Fe <sub>x</sub> Pt <sub>(1âˆ’x)</sub> nanowires by electrodeposition}},
    year = {2011},
    journal = {Journal of Applied Physics},
    author = {Xu, J. P. and Zhang, Z. Z. and Ma, B. and Jin, Q. Y.},
    number = {7},
    month = {4},
    pages = {07B704},
    volume = {109},
    url = {http://aip.scitation.org/doi/10.1063/1.3537941},
    doi = {10.1063/1.3537941},
    issn = {0021-8979}
}

@article{Fredkin1982ConservativeLogic,
    title = {{Conservative logic}},
    year = {1982},
    journal = {International Journal of Theoretical Physics},
    author = {Fredkin, Edward and Toffoli, Tommaso},
    number = {3-4},
    month = {4},
    pages = {219--253},
    volume = {21},
    publisher = {Kluwer Academic Publishers-Plenum Publishers},
    doi = {10.1007/BF01857727},
    issn = {00207748}
}

@article{BianchettiControlAtom,
    title = {{Control and Tomography of a Three Level Superconducting Artificial Atom}},
    author = {Bianchetti, R and Filipp, S and Baur, M and Fink, J M and Lang, C and Steffen, L and Boissonneault, M and Blais, A and Wallraff, A},
    url = {https://epiq.physique.usherbrooke.ca/data/files/publications/Bianchetti2010.pdf},
    doi = {10.1103/PhysRevLett.105.223601}
}

@article{Cerezo2020Cost-Function-DependentNetworks,
    title = {{Cost-Function-Dependent Barren Plateaus in Shallow Quantum Neural Networks}},
    year = {2020},
    author = {Cerezo, M. and Sone, Akira and Volkoff, Tyler and Cincio, Lukasz and Coles, Patrick J.},
    month = {1},
    url = {http://arxiv.org/abs/2001.00550},
    arxivId = {2001.00550}
}

@article{Cipriani2012CrystalDirect:Films,
    title = {{CrystalDirect: a new method for automated crystal harvesting based on laser-induced photoablation of thin films}},
    year = {2012},
    journal = {Acta Crystallographica Section D Biological Crystallography},
    author = {Cipriani, Florent and R{\"{o}}wer, Martin and Landret, Christophe and Zander, Ulrich and Felisaz, Franck and M{\'{a}}rquez, JosÃ© Antonio and {IUCr}},
    number = {10},
    month = {10},
    pages = {1393--1399},
    volume = {68},
    publisher = {International Union of Crystallography},
    url = {http://scripts.iucr.org/cgi-bin/paper?S0907444912031459},
    doi = {10.1107/S0907444912031459},
    issn = {0907-4449},
    keywords = {AUTOMATION, CRYSTAL MOUNTING, CRYSTALLIZATION MICROPLATES, HIGH, THROUGHPUT CRYSTALLIZATION}
}

@article{Zhu2017DeepReview,
    title = {{Deep Learning in Remote Sensing : A Review}},
    year = {2017},
    author = {Zhu, Xiao Xiang and Tuia, Devis and Mou, Lichao and Xia, Gui-song and Zhang, Liangpei and Fraundorfer, Friedrich},
    number = {41501462},
    pages = {1--60},
    arxivId = {arXiv:1710.03959v1}
}

@article{Basu2015DeepSatImagery,
    title = {{DeepSat â€“ A Learning framework for Satellite Imagery}},
    year = {2015},
    author = {Basu, Saikat and Ganguly, Sangram and Mukhopadhyay, Supratik and Karki, Manohar and Nemani, Ramakrishna},
    pages = {1--22},
    arxivId = {arXiv:1509.03602v1}
}

@article{Foxen2020DemonstratingAlgorithms,
    title = {{Demonstrating a Continuous Set of Two-qubit Gates for Near-term Quantum Algorithms}},
    year = {2020},
    author = {Foxen, B. and Neill, C. and Dunsworth, A. and Roushan, P. and Chiaro, B. and Megrant, A. and Kelly, J. and Chen, Zijun and Satzinger, K. and Barends, R. and Arute, F. and Arya, K. and Babbush, R. and Bacon, D. and Bardin, J. C. and Boixo, S. and Buell, D. and Burkett, B. and Chen, Yu and Collins, R. and Farhi, E. and Fowler, A. and Gidney, C. and Giustina, M. and Graff, R. and Harrigan, M. and Huang, T. and Isakov, S. V. and Jeffrey, E. and Jiang, Z. and Kafri, D. and Kechedzhi, K. and Klimov, P. and Korotkov, A. and Kostritsa, F. and Landhuis, D. and Lucero, E. and McClean, J. and McEwen, M. and Mi, X. and Mohseni, M. and Mutus, J. Y. and Naaman, O. and Neeley, M. and Niu, M. and Petukhov, A. and Quintana, C. and Rubin, N. and Sank, D. and Smelyanskiy, V. and Vainsencher, A. and White, T. C. and Yao, Z. and Yeh, P. and Zalcman, A. and Neven, H. and Martinis, John M.},
    month = {1},
    url = {http://arxiv.org/abs/2001.08343},
    arxivId = {2001.08343}
}

@article{Monroe1995DemonstrationGate,
    title = {{Demonstration of a fundamental quantum logic gate}},
    year = {1995},
    journal = {Physical Review Letters},
    author = {Monroe, C. and Meekhof, D. M. and King, B. E. and Itano, W. M. and Wineland, D. J.},
    number = {25},
    month = {12},
    pages = {4714--4717},
    volume = {75},
    publisher = {American Physical Society},
    doi = {10.1103/PhysRevLett.75.4714},
    issn = {00319007}
}

@article{DiCarlo2009DemonstrationProcessor,
    title = {{Demonstration of two-qubit algorithms with a superconducting quantum processor}},
    year = {2009},
    journal = {Nature},
    author = {DiCarlo, L. and Chow, J. M. and Gambetta, J. M. and Bishop, Lev S. and Johnson, B. R. and Schuster, D. I. and Majer, J. and Blais, A. and Frunzio, L. and Girvin, S. M. and Schoelkopf, R. J.},
    number = {7252},
    month = {7},
    pages = {240--244},
    volume = {460},
    publisher = {Nature Publishing Group},
    url = {http://www.nature.com/articles/nature08121},
    doi = {10.1038/nature08121}
}

@article{Reagor2018DemonstrationLattice,
    title = {{Demonstration of universal parametric entangling gates on a multi-qubit lattice}},
    year = {2018},
    journal = {Science Advances},
    author = {Reagor, Matthew and Osborn, Christopher B. and Tezak, Nikolas and Staley, Alexa and Prawiroatmodjo, Guenevere and Scheer, Michael and Alidoust, Nasser and Sete, Eyob A. and Didier, Nicolas and Da Silva, Marcus P. and Acala, Ezer and Angeles, Joel and Bestwick, Andrew and Block, Maxwell and Bloom, Benjamin and Bradley, Adam and Bui, Catvu and Caldwell, Shane and Capelluto, Lauren and Chilcott, Rick and Cordova, Jeff and Crossman, Genya and Curtis, Michael and Deshpande, Saniya and El Bouayadi, Tristan and Girshovich, Daniel and Hong, Sabrina and Hudson, Alex and Karalekas, Peter and Kuang, Kat and Lenihan, Michael and Manenti, Riccardo and Manning, Thomas and Marshall, Jayss and Mohan, Yuvraj and O'Brien, William and Otterbach, Johannes and Papageorge, Alexander and Paquette, Jean Philip and Pelstring, Michael and Polloreno, Anthony and Rawat, Vijay and Ryan, Colm A. and Renzas, Russ and Rubin, Nick and Russel, Damon and Rust, Michael and Scarabelli, Diego and Selvanayagam, Michael and Sinclair, Rodney and Smith, Robert and Suska, Mark and To, Ting Wai and Vahidpour, Mehrnoosh and Vodrahalli, Nagesh and Whyland, Tyler and Yadav, Kamal and Zeng, William and Rigetti, Chad T.},
    number = {2},
    month = {2},
    pages = {eaao3603},
    volume = {4},
    publisher = {American Association for the Advancement of Science},
    doi = {10.1126/sciadv.aao3603},
    issn = {23752548},
    arxivId = {1706.06570}
}

@article{Kurpiers2018DeterministicPhotons,
    title = {{Deterministic quantum state transfer and remote entanglement using microwave photons}},
    year = {2018},
    author = {Kurpiers, P and Magnard, P and royer, B and Pechal, M and Heinsoo, J and Salath{\'{e}}, Y and Akin, A and Storz, S and Besse, J-c and Gasparinetti, S and Blais, A and Wallraff, A},
    url = {https://doi.org/10.1038/s41586-018-0195-y},
    doi = {10.1038/s41586-018-0195-y}
}

@article{Steffen2013DeterministicSystem,
    title = {{Deterministic quantum teleportation with feed-forward in a solid state system}},
    year = {2013},
    journal = {Nature},
    author = {Steffen, L and Salathe, Y and Oppliger, M and Kurpiers, P and Baur, M and Lang, C and Eichler, C and Puebla-Hellmann, G and Fedorov, A and Wallraff, A},
    volume = {500},
    url = {https://www.nature.com/articles/nature12422.pdf},
    doi = {10.1038/nature12422}
}

@article{MyungDevelopmentMEMS,
    title = {{Development of Electroplated Magnetic Materials for MEMS}},
    author = {Myung ', Nosang V and Park ', D.-Y and Sumodjo, Paulo T A},
    url = {http://citeseerx.ist.psu.edu/viewdoc/download?doi=10.1.1.616.9058&rep=rep1&type=pdf}
}

@article{Selvakumar2009DevelopmentApplications,
    title = {{Development of Nanostructured Stress Free Pt-Rich FePt Films for Micro Electro Mechanical System Applications}},
    year = {2009},
    journal = {American Journal of Applied Sciences},
    author = {Selvakumar, T.M. and Emerson, R.N. and Ganesan, S.},
    number = {6},
    month = {6},
    pages = {1175--1179},
    volume = {6},
    url = {http://www.thescipub.com/abstract/?doi=ajassp.2009.1175.1179},
    doi = {10.3844/ajassp.2009.1175.1179},
    issn = {15469239}
}

@article{BarendsDiabaticQubits,
    title = {{Diabatic gates for frequency-tunable superconducting qubits}},
    author = {Barends, R and Quintana, C M and Petukhov, A G and Chen, Yu and Kafri, D and Kechedzhi, K and Collins, R and Naaman, O and Boixo, S and Arute, F and Arya, K and Buell, D and Burkett, B and Chen, Z and Chiaro, B and Dunsworth, A and Foxen, B and Fowler, A and Gidney, C and Giustina, M and Graff, R and Huang, T and Jeffrey, E and Kelly, J and Klimov, P V and Kostritsa, F and Landhuis, D and Lucero, E and Mcewen, M and Megrant, A and Mi, X and Mutus, J and Neeley, M and Neill, C and Ostby, E and Roushan, P and Sank, D and Satzinger, K J and Vainsencher, A and White, T and Yao, J and Yeh, P and Zalcman, A and Neven, H and Smelyanskiy, V N and Martinis, John M},
    url = {https://arxiv.org/ftp/arxiv/papers/1907/1907.02510.pdf}
}

@phdthesis{HeinsooDigitalQubits,
    title = {{Digital quantum computation with superconducting qubits}},
    author = {Heinsoo, Johannes},
    url = {https://people.phys.ethz.ch/~jheinsoo/heinsoo_phd_190605-defense-version.pdf}
}

@techreport{KnautDispersiveQubits,
    title = {{Dispersive Readout, Rabi-and Ramsey-Measurements for Superconducting Qubits}},
    author = {Knaut, Can},
    url = {https://qudev.phys.ethz.ch/content/QIPII18/ExerciseClass/Potocnik/pres1.pdf}
}

@article{Fukunaga2011EffectDeposition,
    title = {{Effect of laser beam parameters on magnetic properties of Ndâ€“Feâ€“B thick-film magnets fabricated by pulsed laser deposition}},
    year = {2011},
    journal = {Journal of Applied Physics},
    author = {Fukunaga, H. and Kamikawatoko, T. and Nakano, M. and Yanai, T. and Yamashita, F.},
    number = {7},
    month = {4},
    pages = {07A758},
    volume = {109},
    url = {http://aip.scitation.org/doi/10.1063/1.3566080},
    doi = {10.1063/1.3566080},
    issn = {0021-8979}
}

@article{Reiner2018EffectsSystems,
    title = {{Effects of gate errors in digital quantum simulations of fermionic systems}},
    year = {2018},
    journal = {Quantum Science and Technology},
    author = {Reiner, Jan-Michael and Zanker, Sebastian and Schwenk, Iris and Lepp{\"{a}}kangas, Juha and Wilhelm-Mauch, Frank and Sch{\"{o}}n, Gerd and Marthaler, Michael},
    number = {4},
    month = {4},
    volume = {3},
    publisher = {Institute of Physics Publishing},
    url = {http://arxiv.org/abs/1804.06668 http://dx.doi.org/10.1088/2058-9565/aad5ba},
    doi = {10.1088/2058-9565/aad5ba},
    arxivId = {1804.06668},
    keywords = {digital quantum simulation, quantum computing, quantum gate errors}
}

@article{Xue2019EffectsAlgorithm,
    title = {{Effects of Quantum Noise on Quantum Approximate Optimization Algorithm}},
    year = {2019},
    author = {Xue, Cheng and Chen, Zhao-Yun and Wu, Yu-Chun and Guo, Guo-Ping},
    month = {9},
    url = {http://arxiv.org/abs/1909.02196},
    arxivId = {1909.02196}
}

@article{Cortes2013ElectrochemicalProperties,
    title = {{Electrochemical growth of CoPt nanowires of different aspect ratio and their magnetic properties}},
    year = {2013},
    journal = {Journal of Electroanalytical Chemistry},
    author = {Cort{\'{e}}s, M. and G{\'{o}}mez, E. and Vall{\'{e}}s, E.},
    month = {1},
    pages = {69--75},
    volume = {689},
    url = {http://linkinghub.elsevier.com/retrieve/pii/S1572665712004456},
    doi = {10.1016/j.jelechem.2012.10.025},
    issn = {15726657}
}

@article{Rhen2003ElectrodepositedFilms,
    title = {{Electrodeposited FePt films}},
    year = {2003},
    journal = {IEEE Transactions on Magnetics},
    author = {Rhen, F.M.F. and Hinds, G. and O'Reilly, C. and Coey, J.M.D.},
    number = {5},
    month = {9},
    pages = {2699--2701},
    volume = {39},
    url = {http://ieeexplore.ieee.org/document/1233189/},
    doi = {10.1109/TMAG.2003.815566},
    issn = {0018-9464}
}

@article{ZuzekRozman2007ElectrodepositionFilms,
    title = {{Electrodeposition and hard magnetic properties of Coâ€“Pt films in comparison to Feâ€“Pt films}},
    year = {2007},
    journal = {Journal of Magnetism and Magnetic Materials},
    author = {{\v{Z}}u{\v{z}}ek Ro{\v{z}}man, K. and Krause, A. and Leistner, K. and F{\"{a}}hler, S. and Schultz, L. and Schl{\"{o}}rb, H.},
    number = {2},
    month = {7},
    pages = {116--121},
    volume = {314},
    url = {http://linkinghub.elsevier.com/retrieve/pii/S0304885307002624},
    doi = {10.1016/j.jmmm.2007.02.146},
    issn = {03048853}
}

@article{Rhen2010ElectrodepositionMagnets,
    title = {{Electrodeposition of coercive L10 FePt magnets}},
    year = {2010},
    journal = {Journal of Magnetism and Magnetic Materials},
    author = {Rhen, F.M.F. and Coey, J.M.D.},
    number = {9-12},
    month = {5},
    pages = {1572--1575},
    volume = {322},
    url = {http://linkinghub.elsevier.com/retrieve/pii/S030488530900924X},
    doi = {10.1016/j.jmmm.2009.09.027},
    issn = {03048853}
}

@article{Pattanaik2007ElectrodepositionMicrostructures,
    title = {{Electrodeposition of hard magnetic films and microstructures}},
    year = {2007},
    journal = {Electrochimica Acta},
    author = {Pattanaik, Gyana and Kirkwood, David M. and Xu, Xuelian and Zangari, Giovanni},
    number = {8},
    month = {2},
    pages = {2755--2764},
    volume = {52},
    url = {http://linkinghub.elsevier.com/retrieve/pii/S0013468606008048},
    doi = {10.1016/j.electacta.2006.07.062},
    issn = {00134686}
}

@article{Guan2005ElectrodepositionActuators,
    title = {{Electrodeposition of low residual stress CoNiMnP hard magnetic thin films for magnetic MEMS actuators}},
    year = {2005},
    journal = {Journal of Magnetism and Magnetic Materials},
    author = {Guan, Shan and Nelson, Bradley J.},
    month = {4},
    pages = {49--58},
    volume = {292},
    publisher = {North-Holland},
    url = {https://www.sciencedirect.com/science/article/pii/S0304885304011849?via%3Dihub},
    doi = {10.1016/J.JMMM.2004.10.094},
    issn = {0304-8853}
}

@article{Mandin2007ElectrodepositionScales,
    title = {{Electrodeposition process modeling using continuous and discrete scales}},
    year = {2007},
    journal = {Computers and Chemical Engineering},
    author = {Mandin, Philippe and Cense, J M and Fabian, C and Gbado, C and Lincot, D},
    pages = {980--992},
    volume = {31},
    url = {https://ac.els-cdn.com/S0098135406002845/1-s2.0-S0098135406002845-main.pdf?_tid=fe9e9f12-d862-4e22-b442-035e090fb97b&acdnat=1523968202_6a2f760592cc5f43ac831b55f5817257},
    doi = {10.1016/j.compchemeng.2006.10.018}
}

@article{Chatzipirpiridis2014ElectroformingApplications,
    title = {{Electroforming of magnetic microtubes for microrobotic applications}},
    year = {2014},
    journal = {IEEE Transactions on Magnetics},
    author = {Chatzipirpiridis, George and Avilla, Eva and Ergeneman, Olgac and Nelson, Bradley J. and Pane, Salvador},
    number = {11},
    month = {11},
    pages = {10--12},
    volume = {50},
    url = {http://ieeexplore.ieee.org/document/6971759/},
    doi = {10.1109/TMAG.2014.2325671},
    issn = {00189464},
    keywords = {Electroforming, ferromagnetic materials, microrobotics.}
}

@article{Oniku2014ElectroplatedMagnets,
    title = {{Electroplated <i>L</i> 1 <sub>0</sub> CoPt thick-film permanent magnets}},
    year = {2014},
    journal = {Journal of Applied Physics},
    author = {Oniku, Ololade D. and Qi, Bin and Arnold, David P.},
    number = {17},
    month = {5},
    pages = {17E521},
    volume = {115},
    url = {http://aip.scitation.org/doi/10.1063/1.4867119},
    doi = {10.1063/1.4867119},
    issn = {0021-8979}
}

@article{Yanai2016ElectroplatedValues,
    title = {{Electroplated Fe-Pt thick films prepared in plating baths with various pH values}},
    year = {2016},
    journal = {AIP Advances},
    author = {Yanai, T. and Furutani, K. and Masaki, T. and Ohgai, T. and Nakano, M. and Fukunaga, H.},
    number = {5},
    month = {5},
    pages = {056014},
    volume = {6},
    url = {http://aip.scitation.org/doi/10.1063/1.4944065},
    doi = {10.1063/1.4944065},
    issn = {2158-3226}
}

@article{Reed2013EntanglementQubits,
    title = {{Entanglement and Quantum Error Correction with Superconducting Qubits}},
    year = {2013},
    author = {Reed, Matthew},
    month = {11},
    url = {http://arxiv.org/abs/1311.6759},
    arxivId = {1311.6759}
}

@article{Korotkov2013ErrorTomography,
    title = {{Error matrices in quantum process tomography}},
    year = {2013},
    author = {Korotkov, Alexander N.},
    month = {9},
    url = {http://arxiv.org/abs/1309.6405},
    arxivId = {1309.6405}
}

@article{QuFabricationElectrodeposition,
    title = {{Fabrication of CoNiMnPâ€“BaFe 12 O 19 nanocomposite coatings by electrodeposition}},
    author = {Qu, N S and Jiao, F},
    url = {https://www.tandfonline.com/doi/pdf/10.1179/0020296712Z.00000000015?needAccess=true},
    doi = {10.1179/0020296712Z.00000000015},
    keywords = {Barium ferrite particles, CoNiMnP, Electrodeposition, Magnetic composite coatings, Maximum magnetic energy density}
}

@article{Qu2012FabricationElectrodeposition,
    title = {{Fabrication of CoNiMnPâ€“BaFe <sub>12</sub> O <sub>19</sub> nanocomposite coatings by electrodeposition}},
    year = {2012},
    journal = {Transactions of the IMF},
    author = {Qu, N S and Jiao, F},
    number = {2},
    month = {3},
    pages = {92--97},
    volume = {90},
    publisher = {Taylor {\&} Francis},
    url = {http://www.tandfonline.com/doi/full/10.1179/0020296712Z.00000000015},
    doi = {10.1179/0020296712Z.00000000015},
    issn = {0020-2967},
    keywords = {Barium ferrite particles, CoNiMnP, Electrodeposition, Magnetic composite coatings, Maximum magnetic energy density}
}

@article{Jeffrey2014FastQubits,
    title = {{Fast Accurate State Measurement with Superconducting Qubits}},
    year = {2014},
    author = {Jeffrey, Evan and Sank, Daniel and Mutus, J Y and White, T C and Kelly, J and Barends, R and Chen, Y and Chen, Z and Chiaro, B and Dunsworth, A and Megrant, A and O'malley, P J J and Neill, C and Roushan, P and Vainsencher, A and Wenner, J and Cleland, A N and Martinis, John M},
    url = {https://journals.aps.org/prl/pdf/10.1103/PhysRevLett.112.190504},
    doi = {10.1103/PhysRevLett.112.190504},
    keywords = {0367Lx, 8525Hv, PACS numbers}
}

@article{Magnard2018FastQubit,
    title = {{Fast and Unconditional All-Microwave Reset of a Superconducting Qubit}},
    year = {2018},
    journal = {Physical Review Letters},
    author = {Magnard, P. and Kurpiers, P. and Royer, B. and Walter, T. and Besse, J. C. and Gasparinetti, S. and Pechal, M. and Heinsoo, J. and Storz, S. and Blais, A. and Wallraff, A.},
    number = {6},
    month = {8},
    pages = {060502},
    volume = {121},
    publisher = {American Physical Society},
    url = {https://arxiv.org/pdf/1801.07689.pdf},
    doi = {10.1103/PhysRevLett.121.060502},
    issn = {10797114},
    arxivId = {1801.07689}
}

@techreport{Reed2010FastQubit,
    title = {{Fast Reset and Suppressing Spontaneous Emission of a Superconducting Qubit}},
    year = {2010},
    author = {Reed, M D and Johnson, B R and Houck, A A and Dicarlo, L and Chow, J M and Schuster, D I and Frunzio, L and Schoelkopf, R J},
    url = {https://arxiv.org/pdf/1003.0142.pdf},
    arxivId = {1003.0142v2}
}

@article{DiVincenzo1996Fault-TolerantCodes,
    title = {{Fault-Tolerant Error Correction with Efficient Quantum Codes}},
    year = {1996},
    journal = {Physical Review Letters},
    author = {DiVincenzo, David P. and Shor, Peter W.},
    number = {15},
    month = {5},
    pages = {3260--3263},
    volume = {77},
    url = {http://arxiv.org/abs/quant-ph/9605031 http://dx.doi.org/10.1103/PhysRevLett.77.3260},
    doi = {10.1103/PhysRevLett.77.3260},
    arxivId = {quant-ph/9605031}
}

@article{Yanai2015Fe-PtMethod,
    title = {{Fe-Pt thick-film magnets prepared by electroplating method}},
    year = {2015},
    journal = {Journal of Applied Physics},
    author = {Yanai, T. and Furutani, K. and Ohgai, T. and Nakano, M. and Suzuki, K. and Fukunaga, H.},
    number = {17},
    month = {5},
    pages = {17A744},
    volume = {117},
    url = {http://aip.scitation.org/doi/10.1063/1.4918698},
    doi = {10.1063/1.4918698},
    issn = {0021-8979}
}

@article{Jozsa1994FidelityStates,
    title = {{Fidelity for mixed quantum states}},
    year = {1994},
    journal = {Journal of Modern Optics},
    author = {Jozsa, Richard},
    number = {12},
    pages = {2315--2323},
    volume = {41},
    publisher = { Taylor {\&} Francis Group },
    doi = {10.1080/09500349414552171},
    issn = {13623044}
}

@article{Snyder1983Film,
    title = {{Film}},
    year = {1983},
    journal = {The Physics Teacher},
    author = {Snyder, Donald D.},
    number = {1},
    month = {1},
    pages = {51--51},
    volume = {21},
    url = {http://aapt.scitation.org/doi/10.1119/1.2341191},
    doi = {10.1119/1.2341191},
    issn = {0031-921X}
}

@article{Snyder1985FilmReview,
    title = {{Film review}},
    year = {1985},
    journal = {The Physics Teacher},
    author = {Snyder, Donald D.},
    number = {2},
    month = {2},
    pages = {120--122},
    volume = {23},
    url = {http://aapt.scitation.org/doi/10.1119/1.2341742},
    doi = {10.1119/1.2341742},
    issn = {0031-921X}
}

@article{Vernon1982FilmReview,
    title = {{Film review}},
    year = {1982},
    journal = {The Physics Teacher},
    author = {Vernon, Robert C.},
    number = {4},
    month = {4},
    pages = {258--258},
    volume = {20},
    url = {http://aapt.scitation.org/doi/10.1119/1.2341022},
    doi = {10.1119/1.2341022},
    issn = {0031-921X}
}

@article{Hadfield2019FromAnsatz,
    title = {{From the Quantum Approximate Optimization Algorithm to a Quantum Alternating Operator Ansatz}},
    year = {2019},
    journal = {Algorithms},
    author = {Hadfield, Stuart and Wang, Zhihui and O'Gorman, Bryan and Rieffel, Eleanor and Venturelli, Davide and Biswas, Rupak},
    number = {2},
    month = {2},
    pages = {34},
    volume = {12},
    url = {http://www.mdpi.com/1999-4893/12/2/34},
    doi = {10.3390/a12020034},
    issn = {1999-4893}
}

@article{Ganzhorn2019Gate-EfficientComputer,
    title = {{Gate-Efficient Simulation of Molecular Eigenstates on a Quantum Computer}},
    year = {2019},
    journal = {Physical Review Applied},
    author = {Ganzhorn, M. and Egger, D. J. and Barkoutsos, P. and Ollitrault, P. and Salis, G. and Moll, N. and Roth, M. and Fuhrer, A. and Mueller, P. and Woerner, S. and Tavernelli, I. and Filipp, S.},
    number = {4},
    month = {4},
    pages = {044092},
    volume = {11},
    publisher = {American Physical Society},
    doi = {10.1103/PhysRevApplied.11.044092},
    issn = {23317019},
    arxivId = {1809.05057},
    keywords = {doi:10.1103/PhysRevApplied.11.044092 url:https://d}
}

@techreport{Hastie2008GaussianModels,
    title = {{Gaussian mixture models}},
    year = {2008},
    author = {Hastie, Tibshirani},
    url = {http://statweb.stanford.edu/~tibs/stat315a/LECTURES/em.pdf}
}

@techreport{Bultink2018GeneralQED,
    title = {{General method for extracting the quantum efficiency of dispersive qubit readout in circuit QED}},
    year = {2018},
    author = {Bultink, C C and Tarasinski, B and Haandbaek, N and Poletto, S and Haider, N and Michalak, D J and Bruno, A and Dicarlo, L},
    url = {https://arxiv.org/pdf/1711.05336.pdf},
    arxivId = {1711.05336v2}
}

@book{Mockus1989GlobalApproach,
    title = {{Global Optimization and the Bayesian Approach}},
    year = {1989},
    author = {Mockus, Jonas},
    volume = {37},
    publisher = {Springer Netherlands},
    url = {http://link.springer.com/10.1007/978-94-009-0909-0_1},
    isbn = {978-94-009-0909-0},
    doi = {10.1007/978-94-009-0909-0{\_}1}
}

@article{El-Sayed2016GreatlyComposites,
    title = {{Greatly enhanced magnetic properties of electrodeposited Niâ€“Coâ€“Pâ€“BaFe12O19 composites}},
    year = {2016},
    journal = {Journal of Magnetism and Magnetic Materials},
    author = {El-Sayed, Adly H. and Hemeda, O.M. and Tawfik, A. and Hamad, Mahmoud A.},
    month = {3},
    pages = {105--109},
    volume = {402},
    publisher = {North-Holland},
    url = {https://www.sciencedirect.com/science/article/pii/S0304885315308222?via%3Dihub},
    doi = {10.1016/J.JMMM.2015.11.051},
    issn = {0304-8853}
}

@incollection{Dempsey2009HardApplications,
    title = {{Hard Magnetic Materials for MEMS Applications}},
    year = {2009},
    booktitle = {Nanoscale Magnetic Materials and Applications},
    author = {Dempsey, Nora M.},
    pages = {661--683},
    publisher = {Springer US},
    url = {http://link.springer.com/10.1007/978-0-387-85600-1_22},
    address = {Boston, MA},
    doi = {10.1007/978-0-387-85600-1{\_}22}
}

@article{Kandala2017Hardware-efficientMagnets,
    title = {{Hardware-efficient variational quantum eigensolver for small molecules and quantum magnets}},
    year = {2017},
    journal = {Nature},
    author = {Kandala, Abhinav and Mezzacapo, Antonio and Temme, Kristan and Takita, Maika and Brink, Markus and Chow, Jerry M. and Gambetta, Jay M.},
    number = {7671},
    month = {9},
    pages = {242--246},
    volume = {549},
    publisher = {Nature Publishing Group},
    doi = {10.1038/nature23879},
    issn = {14764687},
    arxivId = {1704.05018}
}

@techreport{Liu2014HighAmplifier,
    title = {{High fidelity single-shot readout of a transmon qubit using a SLUG Âµwave amplifier}},
    year = {2014},
    author = {Liu, Yanbing and Srinivasan, Srikanth and Hover, D and Zhu, Shaojiang and Mcdermott, R and Houck, A A},
    url = {https://arxiv.org/pdf/1401.5184.pdf},
    arxivId = {1401.5184v1}
}

@techreport{ElderHigh-fidelityCircuits,
    title = {{High-fidelity measurement of qubits encoded in multilevel superconducting circuits}},
    author = {Elder, Salvatore S and Wang, Christopher S and Reinhold, Philip and Hann, Connor T and Chou, Kevin S and Lester, Brian J and Rosenblum, Serge and Frunzio, Luigi and Jiang, Liang and Schoelkopf, Robert J},
    arxivId = {1908.01869v2}
}

@article{Leistner2004HighlyHydrogen,
    title = {{Highly coercive electrodeposited FePt films by postannealing in hydrogen}},
    year = {2004},
    journal = {Applied Physics Letters},
    author = {Leistner, K. and Thomas, J. and Schl{\"{o}}rb, H. and Weisheit, M. and Schultz, L. and F{\"{a}}hler, S.},
    number = {16},
    month = {10},
    pages = {3498--3500},
    volume = {85},
    url = {http://aip.scitation.org/doi/10.1063/1.1807958},
    doi = {10.1063/1.1807958},
    issn = {0003-6951}
}

@misc{IEEEPDF:,
    title = {{IEEE Xplore Full-Text PDF:}},
    url = {http://ieeexplore.ieee.org/stamp/stamp.jsp?tp=&arnumber=5325730}
}

@misc{IEEEPDF:b,
    title = {{IEEE Xplore Full-Text PDF:}},
    url = {http://ieeexplore.ieee.org/stamp/stamp.jsp?tp=&arnumber=4717619&tag=1}
}

@misc{IEEEPDF:c,
    title = {{IEEE Xplore Full-Text PDF:}},
    url = {http://ieeexplore.ieee.org/stamp/stamp.jsp?tp=&arnumber=650127}
}

@misc{IEEEPDF:d,
    title = {{IEEE Xplore Full-Text PDF:}},
    url = {http://ieeexplore.ieee.org/stamp/stamp.jsp?tp=&arnumber=4717619}
}

@article{Remm2017ImplementationQubits,
    title = {{Implementation and characterization of multiplexed readout of superconducting qubits}},
    year = {2017},
    author = {Remm, Ants}
}

@article{Abrams2019ImplementationPulse,
    title = {{Implementation of the XY interaction family with calibration of a single pulse}},
    year = {2019},
    author = {Abrams, Deanna M. and Didier, Nicolas and Johnson, Blake R. and da Silva, Marcus P. and Ryan, Colm A.},
    month = {12},
    url = {http://arxiv.org/abs/1912.04424},
    arxivId = {1912.04424}
}

@article{WeissteinIncidenceMatrix,
    title = {{Incidence Matrix}},
    author = {Weisstein, Eric W.},
    publisher = {Wolfram Research, Inc.},
    keywords = {15B36, 51M04, 52B, Mathematics:Algebra:Linear Algebra:Matrices:Integer Matrices, Mathematics:Discrete Mathematics:Graph Theory:Graph Properties:Graph Matrices, Mathematics:Geometry:Solid Geometry:Polyhedra:Polyhedron Properties, Mathematics:History and Terminology:Wolfram Language Commands}
}

@misc{IncidenceMathWorld,
    title = {{Incidence Matrix -- from Wolfram MathWorld}},
    url = {http://mathworld.wolfram.com/IncidenceMatrix.html}
}

@article{Krause2005InfluenceCobalt,
    title = {{Influence of a magnetic field on the morphology of electrodeposited cobalt}},
    year = {2005},
    journal = {Journal of Magnetism and Magnetic Materials},
    author = {Krause, A. and Hamann, C. and Uhlemann, M. and Gebert, A. and Schultz, L.},
    month = {4},
    pages = {261--264},
    volume = {290-291},
    url = {http://linkinghub.elsevier.com/retrieve/pii/S0304885304014532},
    doi = {10.1016/j.jmmm.2004.11.197},
    issn = {03048853}
}

@article{Gomez2003InfluenceElectrodeposition,
    title = {{Influence of the bath composition and the pH on the induced cobaltâ€“molybdenum electrodeposition}},
    year = {2003},
    journal = {Journal of Electroanalytical Chemistry},
    author = {G{\'{o}}mez, Elvira and Pellicer, Eva and Vall{\'{e}}s, Elisa},
    month = {9},
    pages = {137--145},
    volume = {556},
    url = {http://linkinghub.elsevier.com/retrieve/pii/S0022072803003395},
    doi = {10.1016/S0022-0728(03)00339-5},
    issn = {15726657}
}

@article{Lucas2013IsingProblems,
    title = {{Ising formulations of many NP problems}},
    year = {2013},
    author = {Lucas, Andrew},
    month = {2},
    url = {http://arxiv.org/abs/1302.5843 http://dx.doi.org/10.3389/fphy.2014.00005},
    doi = {10.3389/fphy.2014.00005},
    arxivId = {1302.5843}
}

@article{Lucas2014IsingProblems,
    title = {{Ising formulations of many NP problems}},
    year = {2014},
    journal = {Frontiers in Physics},
    author = {Lucas, Andrew},
    pages = {1--14},
    volume = {2},
    doi = {10.3389/fphy.2014.00005},
    issn = {2296424X},
    arxivId = {1302.5843},
    keywords = {Adiabatic quantum computation, Algorithms, Complexity theory, NP, Spin glasses}
}

@article{Cai2012LatentModeling,
    title = {{Latent variable modeling}},
    year = {2012},
    journal = {Shanghai Archives of Psychiatry},
    author = {Cai, L.},
    number = {2},
    pages = {118--120},
    volume = {24},
    publisher = {Editorial Department of theShanghai Archives of Psychiatry},
    doi = {10.3969/j.issn.1002-0829.2012.02.010},
    issn = {10020829},
    pmid = {25324615}
}

@article{Ghosh2015Leakage-resilientElements,
    title = {{Leakage-resilient approach to fault-tolerant quantum computing with superconducting elements}},
    year = {2015},
    journal = {Physical Review A},
    author = {Ghosh, Joydip and Fowler, Austin G.},
    number = {2},
    month = {2},
    pages = {020302},
    volume = {91},
    publisher = {American Physical Society},
    url = {https://link.aps.org/doi/10.1103/PhysRevA.91.020302},
    doi = {10.1103/PhysRevA.91.020302},
    issn = {1050-2947}
}

@article{Ghosh2015Leakage-resilientElementsb,
    title = {{Leakage-resilient approach to fault-tolerant quantum computing with superconducting elements}},
    year = {2015},
    journal = {RAPID COMMUNICATIONS PHYSICAL REVIEW A},
    author = {Ghosh, Joydip and Fowler, Austin G},
    pages = {20302},
    volume = {91},
    url = {https://journals.aps.org/pra/pdf/10.1103/PhysRevA.91.020302},
    doi = {10.1103/PhysRevA.91.020302}
}

@article{Verdon2019LearningNetworks,
    title = {{Learning to learn with quantum neural networks via classical neural networks}},
    year = {2019},
    author = {Verdon, Guillaume and Broughton, Michael and McClean, Jarrod R. and Sung, Kevin J. and Babbush, Ryan and Jiang, Zhang and Neven, Hartmut and Mohseni, Masoud},
    month = {7},
    url = {http://arxiv.org/abs/1907.05415},
    arxivId = {1907.05415}
}

@article{Salathe2018Low-LatencyCommunication,
    title = {{Low-Latency Digital Signal Processing for Feedback and Feedforward in Quantum Computing and Communication}},
    year = {2018},
    journal = {Physical Review Applied},
    author = {Salath{\'{e}}, Yves and Kurpiers, Philipp and Karg, Thomas and Lang, Christian and Andersen, Christian Kraglund and Akin, Abdulkadir and Krinner, Sebastian and Eichler, Christopher and Wallraff, Andreas},
    number = {3},
    month = {3},
    volume = {9},
    publisher = {American Physical Society},
    doi = {10.1103/PhysRevApplied.9.034011},
    issn = {23317019},
    arxivId = {1709.01030}
}

@article{Salathe2018Low-LatencyCommunicationb,
    title = {{Low-Latency Digital Signal Processing for Feedback and Feedforward in Quantum Computing and Communication}},
    year = {2018},
    journal = {Physical Review Applied},
    author = {Salath{\'{e}}, Yves and Kurpiers, Philipp and Karg, Thomas and Lang, Christian and Andersen, Christian Kraglund and Akin, Abdulkadir and Krinner, Sebastian and Eichler, Christopher and Wallraff, Andreas},
    number = {3},
    month = {3},
    pages = {034011},
    volume = {9},
    publisher = {American Physical Society},
    doi = {10.1103/PhysRevApplied.9.034011},
    issn = {23317019},
    arxivId = {1709.01030}
}

@article{Bugert2017LSDSemTest,
    title = {{LSDSem 2017: Exploring Data Generation Methods for the Story Cloze Test}},
    year = {2017},
    author = {Bugert, Michael and Puzikov, Yevgeniy and Uckl{\'{e}}, Andreas and Eckle-Kohler, Judith and Martin, Teresa and Mart{\'{i}}nez-C{\'{a}}mara, Eugenio and Sorokin, Daniil and Peyrard, Maxime and Gurevych, Iryna},
    pages = {56--61},
    url = {www.aiphes.tu-darmstadt.de}
}

@techreport{Magesan2014MachineReadout,
    title = {{Machine learning for discriminating quantum measurement trajectories and improving readout}},
    year = {2014},
    author = {Magesan, Easwar and Gambetta, Jay M and C{\'{o}}rcoles, A D and Chow, Jerry M},
    url = {https://arxiv.org/pdf/1411.4994.pdf},
    arxivId = {1411.4994v2}
}

@techreport{NeumannMachineEra,
    title = {{Machine learning in the quantum era}},
    author = {Neumann, Niels and Phillipson, Frank and Versluis, Richard},
    url = {https://link.springer.com/content/pdf/10.1007%2Fs42354-019-0164-0.pdf}
}

@article{GuanMagneticApplications,
    title = {{Magnetic Composite Electrodeposition of Hard Magnetic Materials for Magnetic MEMS Applications}},
    author = {Guan, Shan and Vollmers, Karl and Nelson, Bradley J},
    url = {https://www.electrochem.org/dl/ma/203/pdfs/0652.pdf}
}

@article{Liu2007MagneticSputtering,
    title = {{Magnetic properties of Ndâ€“Feâ€“B film magnets prepared by RF sputtering}},
    year = {2007},
    journal = {Journal of Magnetism and Magnetic Materials},
    author = {Liu, W.F. and Suzuki, S. and Machida, K.},
    number = {1},
    month = {1},
    pages = {126--130},
    volume = {308},
    publisher = {North-Holland},
    url = {https://www.sciencedirect.com/science/article/pii/S0304885306008638?via%3Dihub},
    doi = {10.1016/J.JMMM.2006.05.020},
    issn = {0304-8853}
}

@article{Nakano2010MagneticDeposition,
    title = {{Magnetic properties of Ndâ€“Feâ€“B thick film magnets prepared by using arc deposition}},
    year = {2010},
    journal = {Journal of Applied Physics},
    author = {Nakano, M. and Sahara, M. and Yamawaki, K. and Yanai, T. and Fukunaga, H.},
    number = {9},
    month = {5},
    pages = {09A744},
    volume = {107},
    url = {http://aip.scitation.org/doi/10.1063/1.3348233},
    doi = {10.1063/1.3348233},
    issn = {0021-8979}
}

@article{Nakano2011MagneticMagnets,
    title = {{Magnetic properties of pulsed laser deposition-fabricated isotropic Feâ€“Pt film magnets}},
    year = {2011},
    journal = {Journal of Applied Physics},
    author = {Nakano, M. and Oniki, W. and Yanai, T. and Fukunaga, H.},
    number = {7},
    month = {4},
    pages = {07A723},
    volume = {109},
    url = {http://aip.scitation.org/doi/10.1063/1.3561785},
    doi = {10.1063/1.3561785},
    issn = {0021-8979}
}

@article{Oliver2013MaterialsBits,
    title = {{Materials in superconducting quantum bits}},
    year = {2013},
    journal = {MRS Bulletin},
    author = {Oliver, William D. and Welander, Paul B.},
    number = {10},
    month = {10},
    pages = {816--825},
    volume = {38},
    publisher = {Cambridge University Press},
    doi = {10.1557/mrs.2013.229},
    issn = {08837694},
    keywords = {defects, dielectric, superconducting}
}

@techreport{Sank2016Measurement-InducedApproximation,
    title = {{Measurement-Induced State Transitions in a Superconducting Qubit: Beyond the Rotating Wave Approximation}},
    year = {2016},
    author = {Sank, Daniel and Chen, Zijun and Khezri, Mostafa and Kelly, J and Barends, R and Campbell, B and Chen, Y and Chiaro, B and Dunsworth, A and Fowler, A and Jeffrey, E and Lucero, E and Megrant, A and Mutus, J and Neeley, M and Neill, C and O'malley, P J J and Quintana, C and Roushan, P and Vainsencher, A and White, T and Wenner, J and Korotkov, Alexander N and Martinis, John M},
    arxivId = {1606.05721v2}
}

@article{Wu2008MicrostructureAnnealing,
    title = {{Microstructure and magnetic behavior of electrodeposited CoPt thick films upon annealing}},
    year = {2008},
    journal = {Materials Letters},
    author = {Wu, P.L. and Li, X.H. and Li, W. and Sun, H.Y. and Chen, Y. and Zhang, X.Y.},
    number = {2},
    month = {1},
    pages = {309--312},
    volume = {62},
    url = {http://linkinghub.elsevier.com/retrieve/pii/S0167577X07005277},
    doi = {10.1016/j.matlet.2007.05.024},
    issn = {0167577X}
}

@article{Pechal2016MicrowaveCircuits,
    title = {{Microwave photonics in superconducting circuits}},
    year = {2016},
    journal = {Thesis},
    author = {Pechal, Marek},
    pages = {263},
    keywords = {Wallraff}
}

@article{AnglesMIST:Networks,
    title = {{MIST: Multiple Instance Spatial Transformer Networks}},
    author = {Angles, Baptiste},
    arxivId = {arXiv:1811.10725v2}
}

@article{Liu2015Multiple-receptorCoupling,
    title = {{Multiple-receptor wireless power transfer for magnetic sensors charging on Mars via magnetic resonant coupling}},
    year = {2015},
    journal = {Journal of Applied Physics},
    author = {Liu, Chunhua and Chau, K. T. and Zhang, Zhen and Qiu, Chun and Lin, Fei and Ching, T. W.},
    number = {17},
    month = {5},
    pages = {17A743},
    volume = {117},
    url = {http://aip.scitation.org/doi/10.1063/1.4918624},
    doi = {10.1063/1.4918624},
    issn = {0021-8979}
}

@article{Wang2004NanostructuredProcess,
    title = {{Nanostructured L10 Coâ€“Pt thin films by an electrodeposition process}},
    year = {2004},
    journal = {Electrochemistry Communications},
    author = {Wang, Feng and Hosoiri, Kaori and Doi, Sayaka and Okamoto, Naoki and Kuzushima, Toshio and Totsuka, Takashi and Watanabe, Torhu},
    number = {11},
    month = {11},
    pages = {1149--1152},
    volume = {6},
    url = {http://linkinghub.elsevier.com/retrieve/pii/S1388248104002425},
    doi = {10.1016/j.elecom.2004.09.009},
    issn = {13882481}
}

@article{Park2002NanostructuredRelationships,
    title = {{Nanostructured magnetic CoNiP electrodeposits: structureâ€“property relationships}},
    year = {2002},
    journal = {Electrochimica Acta},
    author = {Park, D.-Y and Myung, N.V and Schwartz, M and Nobe, K},
    number = {18},
    month = {7},
    pages = {2893--2900},
    volume = {47},
    publisher = {Pergamon},
    url = {https://www.sciencedirect.com/science/article/pii/S0013468602001603},
    doi = {10.1016/S0013-4686(02)00160-3},
    issn = {0013-4686}
}

@article{Nakano2011NdFeBMethod,
    title = {{Ndâ€“Feâ€“B thick film magnets with Nb additive prepared by vacuum arc deposition method}},
    year = {2011},
    journal = {Journal of Applied Physics},
    author = {Nakano, M. and Sahara, M. and Yanai, T. and Yamashita, F. and Fukunaga, H.},
    number = {7},
    month = {4},
    pages = {07A755},
    volume = {109},
    url = {http://aip.scitation.org/doi/10.1063/1.3566061},
    doi = {10.1063/1.3566061},
    issn = {0021-8979}
}

@article{Jiang2017Near-optimalField,
    title = {{Near-optimal quantum circuit for Grover's unstructured search using a transverse field}},
    year = {2017},
    journal = {Physical Review A},
    author = {Jiang, Zhang and Rieffel, Eleanor G. and Wang, Zhihui},
    number = {6},
    month = {6},
    volume = {95},
    publisher = {American Physical Society},
    doi = {10.1103/PhysRevA.95.062317},
    issn = {24699934},
    arxivId = {1702.02577}
}

@article{Riste2012NoTitle,
    title = {{No Title}},
    year = {2012},
    journal = {Physical Review Letters},
    author = {Rist{\`{e}}, D. and Van Leeuwen, J. G. and Ku, H.-S S. and Lehnert, K. W. and Dicarlo, L.},
    number = {5},
    month = {8},
    volume = {109},
    doi = {10.1103/PhysRevLett.109.050507},
    issn = {00319007},
    arxivId = {1204.2479},
    keywords = {4250Dv, 4250Pq, 8525{\`{A}}j, numbers: 0367Lx}
}

@article{Bjorck1994NumericsOrthogonalization,
    title = {{Numerics of Gram-Schmidt orthogonalization}},
    year = {1994},
    journal = {Linear Algebra and Its Applications},
    author = {Bj{\"{o}}rck, Ã…},
    number = {C},
    month = {1},
    pages = {297--316},
    volume = {197-198},
    publisher = {North-Holland},
    doi = {10.1016/0024-3795(94)90493-6},
    issn = {00243795}
}

@article{Bravyi2019ObstaclesProtection,
    title = {{Obstacles to State Preparation and Variational Optimization from Symmetry Protection}},
    year = {2019},
    author = {Bravyi, Sergey and Kliesch, Alexander and Koenig, Robert and Tang, Eugene},
    month = {10},
    url = {http://arxiv.org/abs/1910.08980},
    arxivId = {1910.08980}
}

@article{Bravyi2019ObstaclesProtectionb,
    title = {{Obstacles to State Preparation and Variational Optimization from Symmetry Protection}},
    year = {2019},
    author = {Bravyi, Sergey and Kliesch, Alexander and Koenig, Robert and Tang, Eugene},
    month = {10},
    url = {http://arxiv.org/abs/1910.08980},
    arxivId = {1910.08980}
}

@article{Simon1997OnComputation,
    title = {{On the power of quantum computation}},
    year = {1997},
    journal = {SIAM Journal on Computing},
    author = {Simon, Daniel R.},
    number = {5},
    month = {10},
    pages = {1474--1483},
    volume = {26},
    publisher = {Society for Industrial and Applied Mathematics Publications},
    url = {http://epubs.siam.org/doi/10.1137/S0097539796298637},
    doi = {10.1137/S0097539796298637},
    issn = {00975397},
    keywords = {Complexity theory, Oracles, Quantum computation}
}

@article{Viola2007Operator-assistedRobot,
    title = {{Operator-assisted harvesting of protein crystals using a universal micromanipulation robot}},
    year = {2007},
    journal = {J. Appl. Cryst},
    author = {Viola, Robert and Carman, Peter and Walsh, Jace and Miller, Echo and Benning, Matthew and Frankel, Daniel and Mcpherson, Alexander and Cudney, Bob and Rupp, Bernhard},
    pages = {539--545},
    volume = {40},
    url = {http://journals.iucr.org/j/issues/2007/03/00/kk5010/kk5010.pdf},
    doi = {10.1107/S0021889807012149},
    issn = {0021-8898}
}

@techreport{Vatan2004OptimalGates,
    title = {{Optimal Quantum Circuits for General Two-Qubit Gates}},
    year = {2004},
    author = {Vatan, Farrokh and Williams, Colin},
    url = {https://arxiv.org/pdf/quant-ph/0308006.pdf},
    keywords = {0365Fd, 0365Ud, numbers: 0367Lx}
}

@article{Niu2019OptimizingDepth,
    title = {{Optimizing QAOA: Success Probability and Runtime Dependence on Circuit Depth}},
    year = {2019},
    author = {Niu, Murphy Yuezhen and Lu, Sirui and Chuang, Isaac L.},
    month = {5},
    url = {http://arxiv.org/abs/1905.12134},
    arxivId = {1905.12134}
}

@article{Nakano2008Order/disorderMagnets,
    title = {{Order/disorder phase composite Feâ€“Pt exchange-spring thick film magnets}},
    year = {2008},
    journal = {Journal of Applied Physics},
    author = {Nakano, M. and Kuroda, H. and Koga, J. and Yanai, T. and Tanaka, Y. and Fukunaga, H.},
    number = {7},
    month = {4},
    pages = {07E110},
    volume = {103},
    url = {http://aip.scitation.org/doi/10.1063/1.2832432},
    doi = {10.1063/1.2832432},
    issn = {0021-8979}
}

@article{Benedetti2019ParameterizedModels,
    title = {{Parameterized quantum circuits as machine learning models}},
    year = {2019},
    author = {Benedetti, Marcello and Lloyd, Erika and Sack, Stefan and Fiorentini, Mattia},
    month = {6},
    url = {http://arxiv.org/abs/1906.07682 http://dx.doi.org/10.1088/2058-9565/ab4eb5},
    doi = {10.1088/2058-9565/ab4eb5},
    arxivId = {1906.07682}
}

@article{Crooks2018PerformanceProblem,
    title = {{Performance of the Quantum Approximate Optimization Algorithm on the Maximum Cut Problem}},
    year = {2018},
    author = {Crooks, Gavin E.},
    month = {11},
    url = {http://arxiv.org/abs/1811.08419},
    arxivId = {1811.08419}
}

@article{ChinPermanentSystems,
    title = {{Permanent magnet films for application in microelectromechanical systems}},
    author = {Chin, Tsung-Shune},
    url = {https://ac.els-cdn.com/S0304885399006496/1-s2.0-S0304885399006496-main.pdf?_tid=spdf-e76e089f-fb91-40c3-8400-0910f4145ac9&acdnat=1519745582_87ec1b797d7ce261beade9716b211e45}
}

@article{Campagne-Ibarcq2013PersistentFeedback,
    title = {{Persistent control of a superconducting qubit by stroboscopic measurement feedback}},
    year = {2013},
    journal = {Physical Review X},
    author = {Campagne-Ibarcq, P. and Flurin, E. and Roch, N. and Darson, D. and Morfin, P. and Mirrahimi, M. and Devoret, M. H. and Mallet, F. and Huard, B.},
    number = {2},
    volume = {3},
    doi = {10.1103/PhysRevX.3.021008},
    issn = {21603308},
    arxivId = {1301.6095},
    keywords = {Condensed matter physics, Quantum information, Quantum physics}
}

@article{Leistner2004PhaseFilms,
    title = {{Phase formation, microstructure, and hard magnetic properties of electrodeposited FePt films}},
    year = {2004},
    journal = {Journal of Applied Physics},
    author = {Leistner, K. and Backen, E. and Sch{\"{u}}pp, B. and Weisheit, M. and Schultz, L. and Schl{\"{o}}rb, H. and F{\"{a}}hler, S.},
    number = {11},
    month = {6},
    pages = {7267--7269},
    volume = {95},
    url = {http://aip.scitation.org/doi/10.1063/1.1667438},
    doi = {10.1063/1.1667438},
    issn = {0021-8979}
}

@article{PLASMAALLOYS,
    title = {{PLASMA SPRAYING OF HARD MAGNETIC COATINGS BASED ON SMâ€“CO ALLOYS}},
    url = {http://iopscience.iop.org/article/10.1088/1757-899X/70/1/012015/pdf},
    doi = {10.1088/1757-899X/70/1/012015}
}

@article{Shor1995Polynomial-TimeComputer,
    title = {{Polynomial-Time Algorithms for Prime Factorization and Discrete Logarithms on a Quantum Computer}},
    year = {1995},
    journal = {SIAM Journal on Computing},
    author = {Shor, Peter W.},
    number = {5},
    month = {8},
    pages = {1484--1509},
    volume = {26},
    publisher = {Society for Industrial and Applied Mathematics Publications},
    url = {http://arxiv.org/abs/quant-ph/9508027 http://dx.doi.org/10.1137/S0097539795293172},
    doi = {10.1137/S0097539795293172},
    arxivId = {quant-ph/9508027},
    keywords = {Algorithmic number theory, Church's thesis, Discrete logarithms, Foundations of quantum mechanics, Fourier transforms, Prime factorization, Quantum computers, Spin systems}
}

@article{Fujita2004PreparationElectrodeposition,
    title = {{Preparation of Coâ€“Pt alloy film magnets by electrodeposition}},
    year = {2004},
    journal = {Journal of Magnetism and Magnetic Materials},
    author = {Fujita, N. and Maeda, S. and Yoshida, S. and Takase, M. and Nakano, M. and Fukunaga, H.},
    month = {5},
    pages = {E1895-E1897},
    volume = {272-276},
    url = {http://linkinghub.elsevier.com/retrieve/pii/S0304885303019437},
    doi = {10.1016/j.jmmm.2003.12.897},
    issn = {03048853}
}

@article{Chuang1997PrescriptionBox,
    title = {{Prescription for experimental determination of the dynamics of a quantum black box}},
    year = {1997},
    journal = {Journal of Modern Optics},
    author = {Chuang, Isaac L. and Nielsen, M. A.},
    number = {12},
    pages = {2455--2467},
    volume = {44-11},
    doi = {10.1080/09500349708231894},
    issn = {13623044},
    arxivId = {quant-ph/9610001}
}

@article{Tung2014ProteinMicrorobot,
    title = {{Protein crystal harvesting using the RodBot: a wireless mobile microrobot}},
    year = {2014},
    journal = {J. Appl. Cryst},
    author = {Tung, Hsi-Wen and Sargent, David F and Nelson, Bradley J},
    pages = {692--700},
    volume = {47},
    url = {http://journals.iucr.org/j/issues/2014/02/00/fs5060/fs5060.pdf},
    doi = {10.1107/S1600576714004403},
    issn = {1600-5767}
}

@article{Guerreschi2019QAOASpeed-up,
    title = {{QAOA for Max-Cut requires hundreds of qubits for quantum speed-up}},
    year = {2019},
    journal = {Scientific Reports},
    author = {Guerreschi, G. G. and Matsuura, A. Y.},
    number = {1},
    month = {12},
    pages = {6903},
    volume = {9},
    publisher = {Nature Publishing Group},
    url = {http://www.nature.com/articles/s41598-019-43176-9},
    doi = {10.1038/s41598-019-43176-9},
    issn = {2045-2322},
    keywords = {Computational science, Quantum information}
}

@article{Wood2018QuantificationErrors,
    title = {{Quantification and characterization of leakage errors}},
    year = {2018},
    journal = {Physical Review A},
    author = {Wood, Christopher J. and Gambetta, Jay M.},
    number = {3},
    month = {3},
    volume = {97},
    publisher = {American Physical Society},
    doi = {10.1103/PhysRevA.97.032306},
    issn = {24699934},
    arxivId = {1704.03081}
}

@article{Bravyi2018QuantumCircuits,
    title = {{Quantum advantage with shallow circuits}},
    year = {2018},
    journal = {Science},
    author = {Bravyi, Sergey and Gosset, David and K{\"{o}}nig, Robert},
    number = {6412},
    month = {10},
    pages = {308--311},
    volume = {362},
    publisher = {American Association for the Advancement of Science},
    doi = {10.1126/science.aar3106},
    issn = {10959203},
    arxivId = {1704.00690}
}

@article{Coles2018QuantumBeginners,
    title = {{Quantum Algorithm Implementations for Beginners}},
    year = {2018},
    author = {Coles, Patrick J. and Eidenbenz, Stephan and Pakin, Scott and Adedoyin, Adetokunbo and Ambrosiano, John and Anisimov, Petr and Casper, William and Chennupati, Gopinath and Coffrin, Carleton and Djidjev, Hristo and Gunter, David and Karra, Satish and Lemons, Nathan and Lin, Shizeng and Lokhov, Andrey and Malyzhenkov, Alexander and Mascarenas, David and Mniszewski, Susan and Nadiga, Balu and O'Malley, Dan and Oyen, Diane and Prasad, Lakshman and Roberts, Randy and Romero, Phil and Santhi, Nandakishore and Sinitsyn, Nikolai and Swart, Pieter and Vuffray, Marc and Wendelberger, Jim and Yoon, Boram and Zamora, Richard and Zhu, Wei},
    month = {4},
    url = {http://arxiv.org/abs/1804.03719},
    arxivId = {1804.03719}
}

@article{Farhi2017QuantumArchitectures,
    title = {{Quantum Algorithms for Fixed Qubit Architectures}},
    year = {2017},
    author = {Farhi, E. and Goldstone, J. and Gutmann, S. and Neven, H.},
    month = {3},
    url = {http://arxiv.org/abs/1703.06199},
    arxivId = {1703.06199}
}

@article{Jiang2018QuantumFermions,
    title = {{Quantum Algorithms to Simulate Many-Body Physics of Correlated Fermions}},
    year = {2018},
    journal = {Physical Review Applied},
    author = {Jiang, Zhang and Sung, Kevin J. and Kechedzhi, Kostyantyn and Smelyanskiy, Vadim N. and Boixo, Sergio},
    number = {4},
    month = {4},
    pages = {044036},
    volume = {9},
    publisher = {American Physical Society},
    doi = {10.1103/PhysRevApplied.9.044036},
    issn = {23317019},
    arxivId = {1711.05395}
}

@article{Wang2018QuantumView,
    title = {{Quantum approximate optimization algorithm for MaxCut: A fermionic view}},
    year = {2018},
    journal = {Physical Review A},
    author = {Wang, Zhihui and Hadfield, Stuart and Jiang, Zhang and Rieffel, Eleanor G.},
    number = {2},
    month = {2},
    volume = {97},
    publisher = {American Physical Society},
    doi = {10.1103/PhysRevA.97.022304},
    issn = {24699934},
    arxivId = {1706.02998}
}

@techreport{ZhouQuantumDevices,
    title = {{Quantum Approximate Optimization Algorithm: Performance, Mechanism, and Implementation on Near-Term Devices}},
    author = {Zhou, Leo and Wang, Sheng-Tao and Choi, Soonwon and Pichler, Hannes and Lukin, Mikhail D},
    arxivId = {1812.01041v1}
}

@article{Bengtsson2019QuantumProcessor,
    title = {{Quantum approximate optimization of the exact-cover problem on a superconducting quantum processor}},
    year = {2019},
    author = {Bengtsson, Andreas and Vikst{\aa}l, Pontus and Warren, Christopher and Svensson, Marika and Gu, Xiu and Kockum, Anton Frisk and Krantz, Philip and Kri{\v{z}}an, Christian and Shiri, Daryoush and Svensson, Ida-Maria and Tancredi, Giovanna and Johansson, GÃ¶ran and Delsing, Per and Ferrini, Giulia and Bylander, Jonas},
    month = {12},
    url = {http://arxiv.org/abs/1912.10495},
    arxivId = {1912.10495}
}

@article{Pagano2019QuantumSimulator,
    title = {{Quantum Approximate Optimization with a Trapped-Ion Quantum Simulator}},
    year = {2019},
    author = {Pagano, G. and Bapat, A. and Becker, P. and Collins, K. S. and De, A. and Hess, P. W. and Kaplan, H. B. and Kyprianidis, A. and Tan, W. L. and Baldwin, C. and Brady, L. T. and Deshpande, A. and Liu, F. and Jordan, S. and Gorshkov, A. V. and Monroe, C.},
    month = {6},
    url = {http://arxiv.org/abs/1906.02700},
    arxivId = {1906.02700}
}

@article{Bouchiat1998QuantumPair,
    title = {{Quantum coherence with a single cooper pair}},
    year = {1998},
    journal = {Physica Scripta T},
    author = {Bouchiat, V. and Vion, D. and Joyez, P. and Esteve, D. and Devoret, M. H.},
    number = {T76},
    pages = {165--170},
    volume = {76},
    publisher = {IOP Publishing},
    doi = {10.1238/physica.topical.076a00165},
    issn = {02811847}
}

@article{Bernstein1997QuantumTheory,
    title = {{Quantum complexity theory}},
    year = {1997},
    journal = {SIAM Journal on Computing},
    author = {Bernstein, Ethan and Vazirani, Umesh},
    number = {5},
    month = {7},
    pages = {1411--1473},
    volume = {26},
    publisher = {Society for Industrial and Applied Mathematics Publications},
    doi = {10.1137/S0097539796300921},
    issn = {00975397},
    keywords = {Fourier sampling, Quantum Turing machines, Quantum computation, Quantum polynomial time, Reversibility, Universal quantum Turing machine}
}

@book{Nielsen2000QuantumInformation,
    title = {{Quantum Computation and Quantum Information}},
    year = {2000},
    author = {Nielsen, Michael A and Chuang, Isaac L},
    edition = {10},
    publisher = {Cambridge University Press},
    url = {www.cambridge.org},
    isbn = {9781107002173}
}

@article{Farhi2000QuantumEvolution,
    title = {{Quantum Computation by Adiabatic Evolution}},
    year = {2000},
    author = {Farhi, Edward and Goldstone, Jeffrey and Gutmann, Sam and Sipser, Michael},
    month = {1},
    url = {http://arxiv.org/abs/quant-ph/0001106},
    arxivId = {quant-ph/0001106}
}

@article{Loss1998QuantumDots,
    title = {{Quantum computation with quantum dots}},
    year = {1998},
    journal = {Physical Review A - Atomic, Molecular, and Optical Physics},
    author = {Loss, Daniel and DiVincenzo, David P.},
    number = {1},
    month = {1},
    pages = {120--126},
    volume = {57},
    publisher = {American Physical Society},
    doi = {10.1103/PhysRevA.57.120},
    issn = {10941622},
    arxivId = {cond-mat/9701055}
}

@article{Preskill2018QuantumBeyond,
    title = {{Quantum Computing in the NISQ era and beyond}},
    year = {2018},
    journal = {Quantum},
    author = {Preskill, John},
    month = {8},
    pages = {79},
    volume = {2},
    publisher = {Verein zur Forderung des Open Access Publizierens in den Quantenwissenschaften},
    doi = {10.22331/q-2018-08-06-79},
    issn = {2521-327X},
    arxivId = {1801.00862}
}

@article{Cong2019QuantumNetworks,
    title = {{Quantum convolutional neural networks}},
    year = {2019},
    journal = {Nature Physics},
    author = {Cong, Iris and Choi, Soonwon and Lukin, Mikhail D.},
    month = {8},
    pages = {1--6},
    publisher = {Nature Publishing Group},
    url = {http://www.nature.com/articles/s41567-019-0648-8},
    doi = {10.1038/s41567-019-0648-8},
    issn = {1745-2473},
    keywords = {Computational science, Phase transitions and critical phenomena, Quantum information}
}

@techreport{Kamruzzaman2019QuantumNetworks,
    title = {{Quantum Deep Learning Neural Networks}},
    year = {2019},
    author = {Kamruzzaman, Abu},
    keywords = {Deep Learning, Index Terms-Computer Mind, Neural Networks, Neurocomputing, Perceptron, Quantum Computing}
}

@book{Vion2003QuantumProcessing,
    title = {{Quantum Entanglement and Information Processing}},
    year = {2003},
    booktitle = {Les Houches Session LXXIX},
    author = {Vion, D.},
    editor = {Estbve, D. and Raimond, J.M and Dalibard, J.},
    pages = {443--485},
    isbn = {0444517286}
}

@article{Heyl2018QuantumSimulation,
    title = {{Quantum localization bounds Trotter errors in digital quantum simulation}},
    year = {2018},
    author = {Heyl, Markus and Hauke, Philipp and Zoller, Peter},
    month = {6},
    url = {http://arxiv.org/abs/1806.11123},
    arxivId = {1806.11123}
}

@article{Strauch2003QuantumQubits,
    title = {{Quantum Logic Gates for Coupled Superconducting Phase Qubits}},
    year = {2003},
    journal = {Physical Review Letters},
    author = {Strauch, Frederick W. and Johnson, Philip R. and Dragt, Alex J. and Lobb, C. J. and Anderson, J. R. and Wellstood, F. C.},
    number = {16},
    volume = {91},
    doi = {10.1103/PhysRevLett.91.167005},
    issn = {10797114},
    arxivId = {quant-ph/0303002},
    keywords = {0367Lx, 8525Cp, numbers: 7450+r}
}

@article{Schuld2019QuantumSpaces,
    title = {{Quantum Machine Learning in Feature Hilbert Spaces}},
    year = {2019},
    author = {Schuld, Maria and Killoran, Nathan},
    url = {https://journals.aps.org/prl/pdf/10.1103/PhysRevLett.122.040504},
    doi = {10.1103/PhysRevLett.122.040504},
    keywords = {doi:10.1103/PhysRevLett.122.040504 url:https://doi.org/10.1103/PhysRevLett.122.040504}
}

@article{Ciliberto2018QuantumPerspective,
    title = {{Quantum machine learning: a classical perspective}},
    year = {2018},
    journal = {Proceedings of the Royal Society A: Mathematical, Physical and Engineering Sciences},
    author = {Ciliberto, Carlo and Herbster, Mark and Ialongo, Alessandro Davide and Pontil, Massimiliano and Rocchetto, Andrea and Severini, Simone and Wossnig, Leonard},
    number = {2209},
    month = {1},
    pages = {20170551},
    volume = {474},
    publisher = {Royal Society Publishing},
    url = {https://royalsocietypublishing.org/doi/10.1098/rspa.2017.0551},
    doi = {10.1098/rspa.2017.0551},
    issn = {1364-5021},
    keywords = {Computing, Machine learning, Quantum}
}

@techreport{Cao2017QuantumComputers,
    title = {{Quantum Neuron: an elementary building block for machine learning on quantum computers}},
    year = {2017},
    author = {Cao, Yudong and Guerreschi, Gian Giacomo and Aspuru-Guzik, AlÃ¡n},
    url = {https://arxiv.org/pdf/1711.11240.pdf},
    arxivId = {1711.11240v1}
}

@article{Moll2017QuantumDevices,
    title = {{Quantum optimization using variational algorithms on near-term quantum devices}},
    year = {2017},
    author = {Moll, Nikolaj and Barkoutsos, Panagiotis and Bishop, Lev S. and Chow, Jerry M. and Cross, Andrew and Egger, Daniel J. and Filipp, Stefan and Fuhrer, Andreas and Gambetta, Jay M. and Ganzhorn, Marc and Kandala, Abhinav and Mezzacapo, Antonio and M{\"{u}}ller, Peter and Riess, Walter and Salis, Gian and Smolin, John and Tavernelli, Ivano and Temme, Kristan},
    month = {10},
    url = {http://arxiv.org/abs/1710.01022 http://dx.doi.org/10.1088/2058-9565/aab822},
    doi = {10.1088/2058-9565/aab822},
    arxivId = {1710.01022}
}

@article{Bialczak2010QuantumQubits,
    title = {{Quantum process tomography of a universal entangling gate implemented with Josephson phase qubits}},
    year = {2010},
    journal = {Nature Physics},
    author = {Bialczak, R. C. and Ansmann, M. and Hofheinz, M. and Lucero, E. and Neeley, M. and Oconnell, A. D. and Sank, D. and Wang, H. and Wenner, J. and Steffen, M. and Cleland, A. N. and Martinis, J. M.},
    number = {6},
    pages = {409--413},
    volume = {6},
    publisher = {Nature Publishing Group},
    doi = {10.1038/nphys1639},
    issn = {17452481}
}

@article{Kivlichan2018QuantumConnectivity,
    title = {{Quantum Simulation of Electronic Structure with Linear Depth and Connectivity}},
    year = {2018},
    journal = {Physical Review Letters},
    author = {Kivlichan, Ian D. and McClean, Jarrod and Wiebe, Nathan and Gidney, Craig and Aspuru-Guzik, AlÃ¡n and Chan, Garnet Kin Lic and Babbush, Ryan},
    number = {11},
    month = {3},
    volume = {120},
    publisher = {American Physical Society},
    doi = {10.1103/PhysRevLett.120.110501},
    issn = {10797114},
    arxivId = {1711.04789}
}

@article{Poulin2011QuantumSpace,
    title = {{Quantum simulation of time-dependent hamiltonians and the convenient illusion of hilbert space}},
    year = {2011},
    journal = {Physical Review Letters},
    author = {Poulin, David and Qarry, Angie and Somma, Rolando and Verstraete, Frank},
    number = {17},
    month = {4},
    volume = {106},
    doi = {10.1103/PhysRevLett.106.170501},
    issn = {00319007},
    arxivId = {1102.1360}
}

@article{Farhi2016QuantumAlgorithm,
    title = {{Quantum Supremacy through the Quantum Approximate Optimization Algorithm}},
    year = {2016},
    author = {Farhi, Edward and Harrow, Aram W},
    month = {2},
    url = {http://arxiv.org/abs/1602.07674},
    arxivId = {1602.07674}
}

@article{Arute2019QuantumProcessor,
    title = {{Quantum supremacy using a programmable superconducting processor}},
    year = {2019},
    journal = {Nature},
    author = {Arute, Frank and Arya, Kunal and Babbush, Ryan and Bacon, Dave and Bardin, Joseph C. and Barends, Rami and Biswas, Rupak and Boixo, Sergio and Brandao, Fernando G.S.L. and Buell, David A. and Burkett, Brian and Chen, Yu and Chen, Zijun and Chiaro, Ben and Collins, Roberto and Courtney, William and Dunsworth, Andrew and Farhi, Edward and Foxen, Brooks and Fowler, Austin and Gidney, Craig and Giustina, Marissa and Graff, Rob and Guerin, Keith and Habegger, Steve and Harrigan, Matthew P. and Hartmann, Michael J. and Ho, Alan and Hoffmann, Markus and Huang, Trent and Humble, Travis S. and Isakov, Sergei V. and Jeffrey, Evan and Jiang, Zhang and Kafri, Dvir and Kechedzhi, Kostyantyn and Kelly, Julian and Klimov, Paul V. and Knysh, Sergey and Korotkov, Alexander and Kostritsa, Fedor and Landhuis, David and Lindmark, Mike and Lucero, Erik and Lyakh, Dmitry and Mandr{\`{a}}, Salvatore and McClean, Jarrod R. and McEwen, Matthew and Megrant, Anthony and Mi, Xiao and Michielsen, Kristel and Mohseni, Masoud and Mutus, Josh and Naaman, Ofer and Neeley, Matthew and Neill, Charles and Niu, Murphy Yuezhen and Ostby, Eric and Petukhov, Andre and Platt, John C. and Quintana, Chris and Rieffel, Eleanor G. and Roushan, Pedram and Rubin, Nicholas C. and Sank, Daniel and Satzinger, Kevin J. and Smelyanskiy, Vadim and Sung, Kevin J. and Trevithick, Matthew D. and Vainsencher, Amit and Villalonga, Benjamin and White, Theodore and Yao, Z. Jamie and Yeh, Ping and Zalcman, Adam and Neven, Hartmut and Martinis, John M.},
    number = {7779},
    month = {10},
    pages = {505--510},
    volume = {574},
    publisher = {Nature Publishing Group},
    doi = {10.1038/s41586-019-1666-5},
    issn = {14764687},
    arxivId = {1911.00577},
    keywords = {Quantum information, Quantum physics}
}

@book{Paler2019QuantumProblems,
    title = {{Quantum Technology and Optimization Problems}},
    year = {2019},
    author = {Paler, Alexandru},
    pages = {207--217},
    volume = {11413},
    publisher = {Springer International Publishing},
    url = {http://link.springer.com/10.1007/978-3-030-14082-3},
    isbn = {978-3-030-14081-6},
    doi = {10.1007/978-3-030-14082-3}
}

@article{Chen2014QubitCoupling,
    title = {{Qubit architecture with high coherence and fast tunable coupling}},
    year = {2014},
    journal = {Physical Review Letters},
    author = {Chen, Yu and Neill, C. and Roushan, P. and Leung, N. and Fang, M. and Barends, R. and Kelly, J. and Campbell, B. and Chen, Z. and Chiaro, B. and Dunsworth, A. and Jeffrey, E. and Megrant, A. and Mutus, J. Y. and O'Malley, P. J. J. and Quintana, C. M. and Sank, D. and Vainsencher, A. and Wenner, J. and White, T. C. and Geller, Michael R. and Cleland, A. N. and Martinis, John M.},
    number = {22},
    month = {2},
    volume = {113},
    publisher = {American Physical Society},
    url = {http://arxiv.org/abs/1402.7367 http://dx.doi.org/10.1103/PhysRevLett.113.220502},
    doi = {10.1103/PhysRevLett.113.220502},
    arxivId = {1402.7367}
}

@article{Johansson2013QuTiPSystems,
    title = {{QuTiP 2: A Python framework for the dynamics of open quantum systems}},
    year = {2013},
    journal = {Computer Physics Communications},
    author = {Johansson, J. R. and Nation, P. D. and Nori, Franco},
    number = {4},
    month = {4},
    pages = {1234--1240},
    volume = {184},
    doi = {10.1016/j.cpc.2012.11.019},
    issn = {00104655},
    arxivId = {1211.6518},
    keywords = {Bloch-Redfield, Floquet-Markov, Lindblad, Master equation, Open quantum systems, Python, Quantum Monte Carlo}
}

@article{Johansson2011QuTiP:Systems,
    title = {{QuTiP: An open-source Python framework for the dynamics of open quantum systems}},
    year = {2011},
    author = {Johansson, J. R. and Nation, P. D. and Nori, Franco},
    month = {10},
    url = {http://arxiv.org/abs/1110.0573 http://dx.doi.org/10.1016/j.cpc.2012.02.021},
    doi = {10.1016/j.cpc.2012.02.021},
    arxivId = {1110.0573}
}

@article{Deutsch1992RapidComputation,
    title = {{Rapid Solution of Problems by Quantum Computation}},
    year = {1992},
    journal = {Proceedings of the Royal Society A: Mathematical, Physical and Engineering Sciences},
    author = {Deutsch, D. and Jozsa, R.},
    number = {1907},
    month = {12},
    pages = {553--558},
    volume = {439},
    publisher = {The Royal Society},
    doi = {10.1098/rspa.1992.0167},
    issn = {1364-5021}
}

@book{Schultz1998Rare-earthGermany,
    title = {{Rare-earth magnets and their applications : proceedings of the Fifteenth International Workshop on Rare-Earth Magnets and Their Applications, 30 August-3 September 1998, Dresden, Germany}},
    year = {1998},
    author = {Schultz, L. (Ludwig) and MuÌˆller, K.-H. (Karl-Hartmut)},
    pages = {1136},
    publisher = {Mat Info/Werkstoff-Informationsgesellschaft},
    url = {https://inis.iaea.org/search/search.aspx?orig_q=RN:31027172},
    isbn = {388355264X}
}

@article{Reed2012RealizationCircuits,
    title = {{Realization of three-qubit quantum error correction with superconducting circuits}},
    year = {2012},
    journal = {Nature},
    author = {Reed, M. D. and Dicarlo, L. and Nigg, S. E. and Sun, L. and Frunzio, L. and Girvin, S. M. and Schoelkopf, R. J.},
    number = {7385},
    month = {2},
    pages = {382--385},
    volume = {482},
    publisher = {Nature Publishing Group},
    doi = {10.1038/nature10786},
    issn = {00280836},
    arxivId = {1109.4948},
    keywords = {Information technology, Quantum physics}
}

@techreport{BaurRealizingQubits,
    title = {{Realizing Quantum Gates and Algorithms with Three Superconducting Qubits}},
    author = {Baur, Matthias},
    url = {https://qudev.phys.ethz.ch/content/science/Documents/phd/PhD_Thesis_Baur_Matthias.pdf}
}

@article{Svedberg2004RecrystallizationCu001,
    title = {{Recrystallization texture, epitaxy, and magnetic properties of electrodeposited FePt on Cu(001)}},
    year = {2004},
    journal = {Applied Physics Letters},
    author = {Svedberg, Erik B. and Mallett, Jonathan J. and Sayan, Safak and Shapiro, Alexander J. and Egelhoff, William F. and Moffat, Thomas},
    number = {8},
    month = {8},
    pages = {1353--1355},
    volume = {85},
    url = {http://aip.scitation.org/doi/10.1063/1.1784525},
    doi = {10.1063/1.1784525},
    issn = {0003-6951}
}

@article{BowmanRecursiveSemantics,
    title = {{Recursive Neural Networks Can Learn Logical Semantics}},
    author = {Bowman, Samuel R and Potts, Christopher and Manning, Christopher D},
    pages = {12--21},
    url = {http://www.aclweb.org/anthology/W15-4002}
}

@incollection{Karp1972ReducibilityProblems,
    title = {{Reducibility among Combinatorial Problems}},
    year = {1972},
    booktitle = {Complexity of Computer Computations},
    author = {Karp, Richard M.},
    pages = {85--103},
    publisher = {Springer US},
    url = {http://link.springer.com/10.1007/978-1-4684-2001-2_9},
    address = {Boston, MA},
    doi = {10.1007/978-1-4684-2001-2{\_}9}
}

@article{Andersen2019RepeatedCode,
    title = {{Repeated Quantum Error Detection in a Surface Code}},
    year = {2019},
    author = {Andersen, Christian Kraglund and Remm, Ants and Lazar, Stefania and Krinner, Sebastian and Lacroix, Nathan and Norris, Graham J. and Gabureac, Mihai and Eichler, Christopher and Wallraff, Andreas},
    month = {12},
    url = {http://arxiv.org/abs/1912.09410},
    arxivId = {1912.09410}
}

@article{Mizushima2006ResidualElectrodeposits,
    title = {{Residual stress in Niâ€“W electrodeposits}},
    year = {2006},
    journal = {Electrochimica Acta},
    author = {Mizushima, Io and Tang, Peter T. and Hansen, Hans N. and Somers, Marcel A.J.},
    number = {27},
    month = {8},
    pages = {6128--6134},
    volume = {51},
    url = {http://linkinghub.elsevier.com/retrieve/pii/S0013468606003525},
    doi = {10.1016/j.electacta.2005.11.053},
    issn = {00134686}
}

@article{Dong2019RobustAlgorithm,
    title = {{Robust Control Optimization for Quantum Approximate Optimization Algorithm}},
    year = {2019},
    author = {Dong, Yulong and Meng, Xiang and Lin, Lin and Kosut, Robert and Whaley, K. Birgitta},
    month = {11},
    url = {http://arxiv.org/abs/1911.00789},
    arxivId = {1911.00789}
}

@article{Enerative2017SN,
    title = {{S -s l c -c g a n}},
    year = {2017},
    author = {Enerative, C Ontext Onditional G and Denton, Emily and Gross, Sam and Fergus, Rob},
    pages = {1--10},
    arxivId = {arXiv:1611.06430v1}
}

@article{Andersen2018SampleB4QP3,
    title = {{Sample Report: ATC40 M113 B4QP3}},
    year = {2018},
    author = {Andersen, Christian Kraglund and Lazar, Stefania and Remm, Ants},
    url = {q:/SubVersion/QCReports/device reports/ATC40 M113 B4QP3/ATC40M113B4QP3.pdf}
}

@article{Magesan2011ScalableProcesses,
    title = {{Scalable and robust randomized benchmarking of quantum processes}},
    year = {2011},
    journal = {Physical Review Letters},
    author = {Magesan, Easwar and Gambetta, J. M. and Emerson, Joseph},
    number = {18},
    month = {5},
    volume = {106},
    doi = {10.1103/PhysRevLett.106.180504},
    issn = {00319007},
    arxivId = {1009.3639}
}

@techreport{SebastianProblems,
    title = {{Sebastian Feld Claudia Linnhoff-Popien (Eds.) Quantum Technology and Optimization Problems}},
    url = {http://www.springer.com/series/7407}
}

@article{Schumacher1996SendingChannels,
    title = {{Sending entanglement through noisy quantum channels}},
    year = {1996},
    journal = {Physical Review A - Atomic, Molecular, and Optical Physics},
    author = {Schumacher, Benjamin},
    number = {4},
    pages = {2614--2628},
    volume = {54},
    doi = {10.1103/PhysRevA.54.2614},
    issn = {10941622},
    arxivId = {quant-ph/9604023}
}

@phdthesis{Butscher2018ShapingFiltering,
    title = {{Shaping of Fast Flux Pulses for Two-Qubit Gates Inverse Filtering}},
    year = {2018},
    author = {Butscher, Jonas and Krinner, Sebastian and Wallraff, Andreas},
    url = {https://qudev.phys.ethz.ch/content/science/theses/master/Butscher_180104.pdf},
    school = {ETH Zurich}
}

@article{Feynman1982SimulatingComputers,
    title = {{Simulating physics with computers}},
    year = {1982},
    journal = {International Journal of Theoretical Physics},
    author = {Feynman, Richard P.},
    number = {6-7},
    month = {6},
    pages = {467--488},
    volume = {21},
    publisher = {Kluwer Academic Publishers-Plenum Publishers},
    doi = {10.1007/BF02650179},
    issn = {00207748}
}

@article{Balasiu2017Single-QubitQubits,
    title = {{Single-Qubit Gates Calibration in PycQED using Superconducting Qubits}},
    year = {2017},
    author = {Balasiu, Stefania and Wallraff, Prof Andreas}
}

@techreport{SourcesDecoherence,
    title = {{Sources of Decoherence}},
    url = {https://qudev.phys.ethz.ch/content/courses/QSIT11/QSIT11_V08_slides.pdf}
}

@techreport{StorzSpectroscopyQubits,
    title = {{Spectroscopy Automation and Sample Characterization of Superconducting Qubits}},
    author = {Storz, Simon and Heinsoo, Johannes},
    url = {https://qudev.phys.ethz.ch/content/science/Documents/master/Simon_Storz_MastersThesis.pdf}
}

@techreport{StorzSpectroscopyQubitsb,
    title = {{Spectroscopy Automation and Sample Characterization of Superconducting Qubits}},
    author = {Storz, Simon and Heinsoo, Johannes},
    url = {https://qudev.phys.ethz.ch/content/science/Documents/master/Simon_Storz_MastersThesis.pdf}
}

@article{Springer-VerlagGmbH,
    title = {{Springer-Verlag Berlin Heidelberg GmbH}},
    url = {http://www.springer.de},
    isbn = {9783642084690},
    doi = {10.1007/978-3-662-04565-7}
}

@article{KapitanovSputteredMagnets,
    title = {{Sputtered permanent Nd Fe B magnets}},
    author = {Kapitanov, B.A.},
    url = {https://ac.els-cdn.com/0304885393900454/1-s2.0-0304885393900454-main.pdf?_tid=spdf-29f8e13a-7f05-456e-b688-a1288c7eeb92&acdnat=1519746276_605e91acba0210c0deefed392d836afc}
}

@article{2013Standard1,
    title = {{Standard Practice for Preparation of Copper and Copper-Base Alloys for Electroplating and Conversion Coatings 1}},
    year = {2013},
    journal = {Designation: B281 âˆ’},
    volume = {88},
    url = {https://compass.astm.org/download/B281.13715.pdf},
    doi = {10.1520/B0281-88R13}
}

@book{Bhatnagar2013StochasticOptimization,
    title = {{Stochastic Recursive Algorithms for Optimization}},
    year = {2013},
    booktitle = {Springer London Heidelberg New York Dordrecht},
    author = {Bhatnagar, S. and Prasad, H.L. and Prashanth, L.A.},
    pages = {280},
    volume = {434},
    url = {http://link.springer.com/10.1007/978-1-4471-4285-0},
    isbn = {978-1-4471-4284-3},
    doi = {10.1007/978-1-4471-4285-0}
}

@article{Bennett1997StrengthsComputing,
    title = {{Strengths and weaknesses of quantum computing}},
    year = {1997},
    journal = {SIAM Journal on Computing},
    author = {Bennett, Charles H. and Bernstein, Ethan and Brassard, Gilles and Vazirani, Umesh},
    number = {5},
    month = {1},
    pages = {1510--1523},
    volume = {26},
    publisher = {Society for Industrial and Applied Mathematics Publications},
    url = {http://arxiv.org/abs/quant-ph/9701001},
    doi = {10.1137/S0097539796300933},
    issn = {00975397},
    arxivId = {quant-ph/9701001},
    keywords = {Oracle quantum Turing machines, Quantum Turing machines, Quantum polynomial time}
}

@article{Kjaergaard2019SuperconductingPlay,
    title = {{Superconducting Qubits: Current State of Play}},
    year = {2019},
    journal = {Annual Review of Condensed Matter Physics},
    author = {Kjaergaard, Morten and Schwartz, Mollie E. and Braum{\"{u}}ller, Jochen and Krantz, Philip and Wang, Joel I-Jan and Gustavsson, Simon and Oliver, William D.},
    number = {1},
    month = {5},
    volume = {11},
    publisher = {Annual Reviews},
    url = {http://arxiv.org/abs/1905.13641},
    arxivId = {1905.13641}
}

@techreport{Havlicek2018SupervisedSpaces,
    title = {{Supervised learning with quantum enhanced feature spaces}},
    year = {2018},
    author = {Havlicek, Vojtech and C{\'{o}}rcoles, Antonio D and Temme, Kristan and Harrow, Aram W and Kandala, Abhinav and Chow, Jerry M and Gambetta, Jay M},
    url = {https://arxiv.org/pdf/1804.11326.pdf},
    arxivId = {1804.11326v2}
}

@article{Reagor2018SupplementaryLattice,
    title = {{Supplementary Materials for Demonstration of universal parametric entangling gates on a multi-qubit lattice}},
    year = {2018},
    author = {Reagor, Matthew and Osborn, Christopher B and Tezak, Nikolas and Staley, Alexa and Prawiroatmodjo, Guenevere and Scheer, Michael and Alidoust, Nasser and Sete, Eyob A and Didier, Nicolas and da Silva, Marcus P and Acala, Ezer and Angeles, Joel and Bestwick, Andrew and Block, Maxwell and Bloom, Benjamin and Bradley, Adam and Bui, Catvu and Caldwell, Shane and Capelluto, Lauren and Chilcott, Rick and Cordova, Jeff and Crossman, Genya and Curtis, Michael and Deshpande, Saniya and El Bouayadi, Tristan and Girshovich, Daniel and Hong, Sabrina and Hudson, Alex and Karalekas, Peter and Kuang, Kat and Lenihan, Michael and Manenti, Riccardo and Manning, Thomas and Marshall, Jayss and Mohan, Yuvraj and Otterbach, Johannes and Papageorge, Alexander and Paquette, Jean-Philip and Pelstring, Michael and Polloreno, Anthony and Rawat, Vijay and Ryan, Colm A and Renzas, Russ and Rubin, Nick and Russel, Damon and Rust, Michael and Scarabelli, Diego and Selvanayagam, Michael and Sinclair, Rodney and Smith, Robert and Suska, Mark and To, Ting-Wai and Vahidpour, Mehrnoosh and Vodrahalli, Nagesh and Whyland, Tyler and Yadav, Kamal and Zeng, William and Rigetti, Chad T},
    pages = {3603},
    volume = {4},
    url = {https://advances.sciencemag.org/content/advances/suppl/2018/01/29/4.2.eaao3603.DC1/aao3603_SM.pdf},
    doi = {10.1126/sciadv.aao3603}
}

@article{Fowler2012SurfaceComputation,
    title = {{Surface codes: Towards practical large-scale quantum computation}},
    year = {2012},
    journal = {PHYSICAL REVIEW A},
    author = {Fowler, Austin G and Mariantoni, Matteo and Martinis, John M and Cleland, Andrew N},
    pages = {32324},
    volume = {86},
    url = {https://journals.aps.org/pra/pdf/10.1103/PhysRevA.86.032324},
    doi = {10.1103/PhysRevA.86.032324}
}

@article{Hansen2016TheTutorial,
    title = {{The CMA Evolution Strategy: A Tutorial}},
    year = {2016},
    author = {Hansen, Nikolaus},
    month = {4},
    url = {http://arxiv.org/abs/1604.00772},
    arxivId = {1604.00772}
}

@techreport{BostonConsultingGroup2017ThePlay,
    title = {{The Next Decade in Quantum Computing-and How to Play}},
    year = {2017},
    author = {{Boston Consulting Group}}
}

@article{Cook2019TheCover,
    title = {{The Quantum Alternating Operator Ansatz on Max-k Vertex Cover}},
    year = {2019},
    author = {Cook, Jeremy and Eidenbenz, Stephan and B{\"{a}}rtschi, Andreas},
    month = {10},
    url = {http://arxiv.org/abs/1910.13483},
    arxivId = {1910.13483}
}

@techreport{Farhi2019TheSize,
    title = {{The Quantum Approximate Optimization Algorithm and the Sherrington-Kirkpatrick Model at Infinite Size}},
    year = {2019},
    author = {Farhi, Edward and Goldstone, Jeffrey and Gutmann, Sam and Zhou, Leo},
    arxivId = {1910.08187v1}
}

@book{Weinberg1995TheFields,
    title = {{The Quantum Theory of Fields}},
    year = {1995},
    booktitle = {Foundations},
    author = {Weinberg, S.},
    number = {1 Supplement},
    pages = {1--632},
    volume = {1},
    publisher = {Cambridge University Press},
    doi = {10.1007/BF02745513},
    issn = {00296341}
}

@article{Low2005The,
    title = {{The Rotating Cylinder Electrode (RCE) and its Application to the Electrodeposition of Metals *}},
    year = {2005},
    journal = {Aust. J. Chem},
    author = {Low, C T John and Ponce De Leon, A Carlos and Walsh, Frank C},
    pages = {246--262},
    volume = {58},
    url = {www.publish.csiro.au/journals/ajc},
    doi = {10.1071/CH05034}
}

@article{GabeTheApplication,
    title = {{The rotating cylinder electrode: its continued development and application*}},
    journal = {REVIEWS IN APPLIED ELECTROCHEMISTRY NUMBER},
    author = {Gabe, D R and Wilcox, G D and Gonzalez-Garcia, J and Walsh, F C},
    volume = {49},
    url = {https://link.springer.com/content/pdf/10.1023%2FA%3A1003464415930.pdf},
    keywords = {environmental treatment, mass transport, rotating cylinder, rotating cylinder reactors, surface roughness}
}

@article{Dimian2015ThermalBehavior,
    title = {{Thermal relaxation in magnetic multi-layer materials with mixed hysteretic behavior}},
    year = {2015},
    journal = {Journal of Applied Physics},
    author = {Dimian, M. and Andrei, P. and Mehta, M. and Idubor, O. A.},
    number = {17},
    month = {5},
    pages = {17A745},
    volume = {117},
    url = {http://aip.scitation.org/doi/10.1063/1.4918768},
    doi = {10.1063/1.4918768},
    issn = {0021-8979}
}

@article{1983ThickInterference,
    title = {{Thick film interference}},
    year = {1983},
    journal = {The Physics Teacher},
    number = {2},
    month = {2},
    pages = {119--121},
    volume = {21},
    url = {http://aapt.scitation.org/doi/10.1119/1.2341225},
    doi = {10.1119/1.2341225},
    issn = {0031-921X}
}

@article{Rhen2005Thick-filmElectrodeposition,
    title = {{Thick-film permanent magnets by membrane electrodeposition}},
    year = {2005},
    journal = {Journal of Applied Physics},
    author = {Rhen, F. M. F. and Backen, E. and Coey, J. M. D.},
    number = {11},
    month = {6},
    pages = {113908},
    volume = {97},
    url = {http://aip.scitation.org/doi/10.1063/1.1923587},
    doi = {10.1063/1.1923587},
    issn = {0021-8979}
}

@article{JeanTile2Vec2018,
    title = {{Tile2Vec : Unsupervised representation learning for spatially distributed data arXiv : 1805 . 02855v2 [ cs . CV ] 30 May 2018}},
    author = {Jean, Neal and Azzari, George and Wang, Sherrie and Lobell, David and Ermon, Stefano},
    arxivId = {arXiv:1805.02855v2}
}

@article{Rol2019Time-domainProcessor,
    title = {{Time-domain characterization and correction of on-chip distortion of control pulses in a quantum processor}},
    year = {2019},
    author = {Rol, M. A. and Ciorciaro, L. and Malinowski, F. K. and Tarasinski, B. M. and Sagastizabal, R. E. and Bultink, C. C. and Salathe, Y. and Haandbaek, N. and Sedivy, J. and DiCarlo, L.},
    month = {7},
    url = {http://arxiv.org/abs/1907.04818},
    arxivId = {1907.04818}
}

@article{Beer2020TrainingNetworks,
    title = {{Training deep quantum neural networks}},
    year = {2020},
    journal = {Nature Communications},
    author = {Beer, Kerstin and Bondarenko, Dmytro and Farrelly, Terry and Osborne, Tobias J. and Salzmann, Robert and Scheiermann, Daniel and Wolf, Ramona},
    number = {1},
    month = {12},
    pages = {1--6},
    volume = {11},
    publisher = {Nature Research},
    doi = {10.1038/s41467-020-14454-2},
    issn = {20411723},
    keywords = {Computational science, Quantum information}
}

@article{Xie2014TransferMapping,
    title = {{Transfer Learning from Deep Features for Remote Sensing and Poverty Mapping}},
    year = {2014},
    author = {Xie, Michael and Jean, Neal and Burke, Marshall and Lobell, David and Ermon, Stefano},
    pages = {3929--3935},
    keywords = {Special Track on Computational Sustainability}
}

@misc{TrotterMathematics,
    title = {{Trotter product formula - Encyclopedia of Mathematics}},
    url = {https://www.encyclopediaofmath.org/index.php/Trotter_product_formula}
}

@techreport{ZurichInstrumentsAG2019UHFQAManual,
    title = {{UHFQA User Manual}},
    year = {2019},
    author = {{Zurich Instruments AG}}
}

@article{Ghosh2013UnderstandingCircuits,
    title = {{Understanding the effects of leakage in superconducting quantum-error-detection circuits}},
    year = {2013},
    journal = {Physical Review A - Atomic, Molecular, and Optical Physics},
    author = {Ghosh, Joydip and Fowler, Austin G. and Martinis, John M. and Geller, Michael R.},
    number = {6},
    month = {12},
    volume = {88},
    doi = {10.1103/PhysRevA.88.062329},
    issn = {10502947},
    arxivId = {1306.0925}
}

@article{McKay2016UniversalBus,
    title = {{Universal Gate for Fixed-Frequency Qubits via a Tunable Bus}},
    year = {2016},
    journal = {Physical Review Applied},
    author = {McKay, David C. and Filipp, Stefan and Mezzacapo, Antonio and Magesan, Easwar and Chow, Jerry M. and Gambetta, Jay M.},
    number = {6},
    month = {12},
    pages = {064007},
    volume = {6},
    publisher = {American Physical Society},
    doi = {10.1103/PhysRevApplied.6.064007},
    issn = {23317019},
    arxivId = {1604.03076}
}

@article{Lloyd1996UniversalSimulators,
    title = {{Universal quantum simulators}},
    year = {1996},
    journal = {Science},
    author = {Lloyd, Seth},
    number = {5278},
    month = {8},
    pages = {1073--1078},
    volume = {273},
    publisher = {American Association for the Advancement of Science},
    doi = {10.1126/science.273.5278.1073},
    issn = {00368075}
}

@article{Otterbach2017UnsupervisedComputer,
    title = {{Unsupervised Machine Learning on a Hybrid Quantum Computer}},
    year = {2017},
    author = {Otterbach, J. S. and Manenti, R. and Alidoust, N. and Bestwick, A. and Block, M. and Bloom, B. and Caldwell, S. and Didier, N. and Fried, E. Schuyler and Hong, S. and Karalekas, P. and Osborn, C. B. and Papageorge, A. and Peterson, E. C. and Prawiroatmodjo, G. and Rubin, N. and Ryan, Colm A. and Scarabelli, D. and Scheer, M. and Sete, E. A. and Sivarajah, P. and Smith, Robert S. and Staley, A. and Tezak, N. and Zeng, W. J. and Hudson, A. and Johnson, Blake R. and Reagor, M. and da Silva, M. P. and Rigetti, C.},
    month = {12},
    url = {http://arxiv.org/abs/1712.05771},
    arxivId = {1712.05771}
}

@article{Aldeborgh2017UnsupervisedLEARNING,
    title = {{Unsupervised object detection on remote sensing imagery using hierarchical image representations and deep learning HIERARCHICAL IMAGE REPRESENTATIONS AND DEEP LEARNING}},
    year = {2017},
    author = {Aldeborgh, Nikki and Ouzounis, Georgios and Stamatiou, Kostas},
    number = {October}
}

@inproceedings{Anschuetz2019VariationalFactoring,
    title = {{Variational Quantum Factoring}},
    year = {2019},
    booktitle = {Lecture Notes in Computer Science (including subseries Lecture Notes in Artificial Intelligence and Lecture Notes in Bioinformatics)},
    author = {Anschuetz, Eric and Olson, Jonathan and Aspuru-Guzik, AlÃ¡n and Cao, Yudong},
    pages = {74--85},
    volume = {11413 LNCS},
    publisher = {Springer Verlag},
    isbn = {9783030140816},
    doi = {10.1007/978-3-030-14082-3{\_}7},
    issn = {16113349},
    arxivId = {1808.08927},
    keywords = {Discrete optimization, Integer factorization, Quantum computation}
}